,fiscalDateEnding,reportedCurrency_x,totalRevenue,totalOperatingExpense,costOfRevenue,grossProfit,ebit,netIncome_x,researchAndDevelopment,effectOfAccountingCharges,incomeBeforeTax,minorityInterest,sellingGeneralAdministrative,otherNonOperatingIncome,operatingIncome,otherOperatingExpense,interestExpense,taxProvision,interestIncome,netInterestIncome,extraordinaryItems,nonRecurring,otherItems,incomeTaxExpense,totalOtherIncomeExpense,discontinuedOperations,netIncomeFromContinuingOperations,netIncomeApplicableToCommonShares,preferredStockAndOtherAdjustments,reportedCurrency_y,totalAssets,intangibleAssets,earningAssets,otherCurrentAssets,totalLiabilities,totalShareholderEquity,deferredLongTermLiabilities,otherCurrentLiabilities,commonStock,retainedEarnings,otherLiabilities,goodwill,otherAssets,cash,totalCurrentLiabilities,shortTermDebt,currentLongTermDebt,otherShareholderEquity,propertyPlantEquipment,totalCurrentAssets,longTermInvestments,netTangibleAssets,shortTermInvestments,netReceivables,longTermDebt,inventory,accountsPayable,totalPermanentEquity,additionalPaidInCapital,commonStockTotalEquity,preferredStockTotalEquity,retainedEarningsTotalEquity,treasuryStock,accumulatedAmortization,otherNonCurrrentAssets,deferredLongTermAssetCharges,totalNonCurrentAssets,capitalLeaseObligations,totalLongTermDebt,otherNonCurrentLiabilities,totalNonCurrentLiabilities,negativeGoodwill,warrants,preferredStockRedeemable,capitalSurplus,liabilitiesAndShareholderEquity,cashAndShortTermInvestments,accumulatedDepreciation,commonStockSharesOutstanding,reportedCurrency,investments,changeInLiabilities,cashflowFromInvestment,otherCashflowFromInvestment,netBorrowings,cashflowFromFinancing,otherCashflowFromFinancing,changeInOperatingActivities,netIncome_y,changeInCash,operatingCashflow,otherOperatingCashflow,depreciation,dividendPayout,stockSaleAndPurchase,changeInInventory,changeInAccountReceivables,changeInNetIncome,capitalExpenditures,changeInReceivables,changeInExchangeRate,changeInCashAndCashEquivalents,clossingVal,nextClossingVal
0,2020-06-30,USD,98637000,41485000,56743000,41894000,-2210000,-8302000,19254000,None,-8251000,None,17818000,-2619000,409000,-94977000,6041000,51000,427000,-5614000,None,753000,None,51000,-3799000,None,-8302000,-8302000,None,USD,865070000,53846000,None,20220000,469739000,395331000,5844000,58281000,497000,-707799000,15938000,181943000,8755000,188850000,127483000,None,None,1917000,69170000,538375000,None,159542000,112279000,80471000,317314000,136555000,69202000,None,None,497000,None,-707799000,None,None,20181000,None,1555000,13108000,317314000,19098000,342256000,None,None,None,1100716000,865070000,301129000,None,49618908,USD,-32899000,42000,-24283000,9503000,30393000,30191000,-838000,-703000,-8302000,25854000,19946000,17689000,11106000,None,636000,-6966000,None,6377000,887000,None,None,25854000,13.49,
1,2020-03-31,USD,104502000,41852000,58083000,46419000,5367000,-567000,19195000,None,-299000,None,18304000,800000,4567000,-100774000,5666000,268000,800000,-4866000,None,625000,None,268000,-625000,None,-567000,-567000,None,USD,832886000,57680000,None,29610000,455822000,377064000,5763000,49628000,494000,-699497000,14631000,181943000,7323000,162977000,128509000,None,None,2047000,72291000,500490000,None,137441000,79429000,98863000,303388000,129611000,78881000,None,None,494000,None,-699497000,None,None,18933000,None,1549000,13580000,303388000,18162000,327313000,None,None,None,1074020000,832886000,242406000,None,49428391,USD,36264000,9341000,35194000,36264000,-81240000,276000,-680000,-575000,-567000,33074000,-2396000,-28421000,11044000,None,956000,2446000,None,3761000,1070000,None,None,33074000,9.57,13.49
2,2019-12-31,USD,113202000,51834000,68232000,44970000,-26905000,-32871000,21656000,None,-32501000,None,19128000,-20041000,-6864000,-108701000,5596000,370000,931000,-4663000,None,6549000,None,370000,-27754000,None,-32871000,-32871000,None,USD,818088000,61518000,None,26591000,443576000,374512000,5648000,54870000,490000,-698930000,14984000,181943000,8585000,129951000,118224000,None,None,1894000,75711000,475878000,None,131051000,115252000,71017000,300068000,133067000,63354000,None,None,490000,None,-698930000,None,None,21489000,None,1549000,14496000,300068000,19636000,325352000,None,None,None,1071058000,818088000,245203000,None,48994346,USD,-19205000,-22168000,-21889000,-64994000,-81240000,288000,-209000,10190000,-32871000,-6012000,15589000,32294000,11819000,None,497000,-2952000,22104000,29467000,2684000,None,None,-6012000,14.685,9.57
3,2019-09-30,USD,108954000,49588000,66731000,42223000,-6146000,-11767000,22639000,None,-11695000,None,20962000,1219000,-7365000,-104795000,5549000,72000,1219000,-4330000,None,1828000,None,72000,-1675000,None,-11767000,-11767000,None,USD,862276000,72376000,None,25960000,459806000,402470000,5713000,66031000,489000,-666058000,14893000,184302000,6544000,135946000,142037000,None,None,1836000,77801000,486281000,24500000,145792000,95672000,93513000,296810000,135190000,76006000,None,None,489000,None,-666058000,None,None,39644000,None,1872000,10796000,296810000,15246000,317769000,None,None,None,1066203000,862276000,231618000,None,48903027,USD,-10826000,-8050000,-11929000,645000,-81240000,295000,-530000,2586000,-11767000,-26498000,-14864000,-19949000,11722000,None,825000,9387000,-22535000,3793000,1748000,None,None,-26498000,11.68,14.685
4,2019-06-30,USD,97822000,47494000,61537000,36285000,-9925000,-15565000,22922000,None,-15420000,None,19757000,1284000,-11209000,-93623000,5495000,145000,1284000,-4211000,None,616000,None,145000,-572000,None,-15565000,-15565000,None,USD,875863000,76689000,None,33888000,464837000,411026000,5700000,84031000,490000,-654291000,14860000,184302000,6551000,162448000,149200000,None,None,1878000,80761000,491517000,24500000,150035000,84495000,70978000,293611000,139708000,65169000,None,None,490000,None,-654291000,None,None,40725000,None,1869000,11606000,293611000,16326000,315637000,None,None,None,1062949000,875863000,246943000,None,48971017,USD,-16850000,1330000,-21111000,-35608000,None,-836000,-1599000,-2291000,-15565000,-7797000,14150000,12070000,11657000,None,763000,45000,14361000,4613000,4261000,None,None,-7797000,12.22,11.68
5,2019-03-31,USD,99371000,48856000,64655000,34716000,-12895000,-18530000,23340000,None,-18340000,None,19902000,1245000,-14140000,-95187000,5445000,190000,-4200000,-4200000,None,1430000,None,190000,-1396000,None,-18530000,-18530000,None,USD,885594000,80931000,None,27864000,463796000,421798000,5675000,68881000,487000,-638726000,14913000,184302000,30986000,170243000,150028000,4797000,4797000,1858000,77737000,498764000,24500000,156565000,67215000,85339000,290473000,148103000,81147000,None,None,487000,None,-638726000,None,None,41991000,None,1869000,13179000,290473000,17620000,313768000,None,None,None,1058179000,885594000,237458000,None,48675196,USD,-18758000,-16578000,-20938000,-18758000,None,379000,-642000,-2557000,-18530000,-42850000,-22291000,-10691000,11877000,None,1021000,8489000,-8134000,3142000,2180000,None,None,-42850000,10.84,12.22
6,2018-12-31,USD,98972000,174239000,63713000,35259000,-138060000,-144674000,24961000,0,-143466000,0,21217000,920000,-138980000,-94679000,5406000,None,None,None,1690000,123768000,0,1208000,-128275000,0,-144674000,-144674000,None,USD,900816000,85149000,None,25293000,463041000,437775000,5690000,72736000,485000,-619983000,15596000,184302000,10001000,213082000,160053000,None,None,1820000,80284000,520080000,21000000,168324000,48189000,77205000,287392000,156311000,87317000,None,None,485000,None,-619983000,-5872000,None,29132000,1869000,380736000,None,287392000,9906000,302988000,None,None,None,1061325000,900816000,261271000,None,48024685,USD,3957000,-8621000,-2909000,-5643000,None,17000,-40000,1467000,-144674000,-1252000,1640000,22519000,11911000,None,57000,-6930000,21052000,127435000,6866000,None,None,-1248000,7.41,10.84
7,2018-09-30,USD,126757000,50258000,80372000,46385000,-3050000,-8953000,23544000,0,-8652000,0,20186000,823000,-3873000,-122535000,5602000,None,None,None,0,2306000,0,301000,-6953000,0,-8953000,-8953000,None,USD,1050566000,89398000,None,26386000,472479000,578087000,7170000,64443000,486000,-475284000,16376000,307131000,11539000,214334000,171734000,None,None,1812000,80626000,540872000,21000000,181558000,52063000,98257000,284369000,149832000,107291000,0,0,486000,0,-475284000,-9660000,None,30356000,2183000,509694000,None,284369000,9206000,300745000,None,None,None,1060733000,1050566000,266397000,None,47793001,USD,13097000,-24146000,8443000,-2662000,None,-9434000,-170000,4758000,-262414000,17071000,18062000,298643000,11772000,0,-9264000,-7858000,40424000,2065000,1992000,None,-4000,17067000,10.25,7.41
8,2018-06-30,USD,157779000,316609000,102384000,55395000,-260395000,-237634000,24930000,0,-265659000,0,24274000,819000,-261214000,-146950000,5264000,None,None,None,0,256576000,0,-28025000,-260822000,0,-237634000,-237634000,None,USD,1088109000,93582000,None,28785000,494179000,593930000,7784000,73459000,487000,-466331000,17173000,307131000,11433000,197267000,195605000,281401000,281401000,1812000,79268000,575695000,21000000,193217000,65023000,138681000,281401000,145939000,122146000,0,0,487000,0,-466331000,0,None,30261000,2172000,512414000,None,281401000,9389000,298574000,None,None,None,1057962000,1088109000,262290000,None,48734582,USD,265000,-13168000,-1272000,0,None,-2162000,-2432000,742000,-237634000,-49067000,-45633000,-265370000,17492000,0,270000,-14445000,-28478000,229858000,1537000,None,None,-49067000,14.25,10.25
9,2018-03-31,USD,158574000,68115000,101894000,56680000,-10811000,-15827000,24320000,0,-16057000,0,26383000,624000,-11435000,-145199000,5246000,None,None,None,0,4037000,0,-230000,-8642000,0,-15827000,-15827000,None,USD,1362028000,356311000,None,30695000,534071000,827957000,36794000,94473000,487000,-228697000,46958000,307131000,11128000,246366000,208624000,278489000,278489000,1836000,83100000,583358000,21000000,164515000,65130000,110203000,278489000,130964000,114151000,0,0,487000,0,-228697000,0,None,28847000,3281000,778670000,None,278489000,10164000,325447000,None,None,None,1054331000,1362028000,311496000,None,48691371,USD,-20300000,-17833000,-22559000,0,None,117000,-427000,3622000,-15827000,-34249000,-11807000,-23382000,20585000,0,544000,4555000,-11177000,4268000,2259000,None,None,-34249000,17.0,14.25
10,2017-12-31,USD,143432000,70338000,85095000,58337000,-11598000,-5616000,24318000,0,-16754000,0,27315000,403000,-12001000,13590000,5156000,None,None,None,0,5115000,0,-11138000,-57504000,0,-5616000,-5616000,None,USD,1387287000,369843000,None,49497000,546574000,840713000,36845000,169292000,482000,-213376000,10643000,307131000,705237000,280583000,223456000,275630000,275630000,1812000,85058000,596992000,21000000,163739000,47780000,98866000,275630000,120266000,223456000,0,0,482000,0,-213376000,-1284000,None,25310000,2953000,790295000,None,275630000,10643000,323118000,None,None,None,1053079000,1387287000,328363000,None,48144416,USD,38168000,11140000,28949000,-2350000,-1000,-3368000,-944000,-10559000,-51396000,44451000,18870000,-16434000,20605000,0,-2423000,-3150000,4520000,-8220000,6869000,14929000,17000,44468000,14.85,17.0
11,2017-09-30,USD,131872000,71987000,78811000,53061000,-18569000,-21884000,24061000,0,-23674000,0,29771000,357000,-18926000,12360000,5105000,None,None,None,0,5795000,0,-1790000,0,0,-21884000,-21884000,None,USD,1406906000,383596000,None,53990000,561377000,845529000,46268000,173364000,483000,-207760000,11033000,308529000,719916000,235268000,231251000,272825000,272825000,1812000,84403000,602587000,None,153404000,85853000,113795000,272825000,113681000,231251000,0,0,483000,0,-207760000,0,None,25263000,2528000,804319000,None,272825000,11033000,330126000,None,None,None,1050994000,1406906000,321121000,None,48294284,USD,11367000,40903000,6305000,2284000,-1012000,-1467000,-3001000,-1475000,0,29703000,24865000,-23359000,19429000,0,2546000,-11010000,10409000,4355000,7346000,-5453000,1000,29704000,21.4,14.85
12,2017-06-30,USD,115066000,65726000,76346000,38720000,-26224000,-18388000,18619000,0,-31285000,0,22698000,782000,-27006000,6344000,5061000,None,None,None,0,18065000,0,-12897000,0,0,-18388000,-18388000,None,USD,1369669000,396097000,None,29348000,500184000,869485000,46291000,121290000,484000,-185877000,11163000,303160000,726841000,205564000,172659000,1013000,271084000,1740000,82546000,560282000,None,170228000,97086000,108349000,270071000,119935000,171646000,0,0,484000,0,-185877000,0,None,25056000,2528000,809387000,None,270071000,11163000,327525000,None,None,None,1053138000,1369669000,302650000,None,48382213,USD,208175000,-6509000,-197173000,-399478000,-92000,-5012000,-4920000,4285000,0,-218106000,-15921000,-14103000,12523000,0,0,6735000,4956000,-3116000,5870000,-11451000,9000,-218097000,27.85,21.4
13,2017-03-31,USD,94386000,40045000,60186000,34200000,-5052000,1095000,14989000,0,-9187000,0,20466000,793000,-5845000,2789000,4135000,None,None,None,0,1801000,0,-10282000,0,0,1095000,1095000,None,USD,1081642000,55511000,None,24461000,416626000,665016000,14063000,99265000,406000,-167489000,1652000,114908000,195510000,423661000,132813000,375000,375000,1678000,63684000,822448000,None,494597000,258196000,51433000,268098000,64697000,132438000,0,0,406000,0,-167489000,-1340000,None,21047000,4044000,259194000,None,268098000,1652000,283813000,None,None,None,831761000,1081642000,681857000,None,40568473,USD,-191730000,-18343000,-195917000,0,335663000,335787000,124000,-3400000,1640000,146202000,6332000,-2305000,7984000,0,0,13761000,6495000,-1260000,4187000,6495000,15000,146217000,29.85,27.85
14,2016-12-31,USD,93610000,41162000,57602000,36008000,-4853000,-4997000,17471000,0,-4909000,0,19412000,301000,-5154000,2774000,56000,None,None,None,0,1505000,0,88000,-73583000,0,-4997000,-4997000,None,USD,758532000,58378000,None,22194000,163937000,594595000,13199000,118223000,407000,-168583000,6403000,114908000,196378000,277444000,143509000,368000,368000,1777000,60646000,501508000,21000000,421309000,66787000,58020000,826000,77063000,143141000,0,0,407000,0,-168583000,-2309000,None,21047000,2045000,257024000,None,826000,6403000,20428000,None,None,None,763303000,758532000,344231000,None,40588194,USD,-4014000,-4501000,4043000,8819000,-88000,-1041000,-2136000,8677000,-122027000,3466000,464000,-2170000,6640000,0,1183000,5520000,-8880000,2458000,762000,-7483000,-40000,3426000,29.15,29.85
15,2016-09-30,USD,85482000,102177000,52027000,33455000,-68439000,-69598000,19892000,0,-68462000,0,18396000,283000,-68722000,6056000,23000,None,None,None,0,57833000,0,1136000,0,0,-69598000,-69598000,None,USD,765068000,61812000,None,34393000,168330000,596738000,13146000,118120000,408000,-163585000,6503000,114908000,199151000,274018000,147761000,361000,361000,2266000,57557000,508360000,None,420018000,62835000,50463000,920000,86651000,147400000,0,0,408000,0,-163585000,-4326000,None,21047000,1384000,256708000,None,920000,6503000,20569000,None,None,None,761975000,765068000,336853000,None,40596820,USD,10309000,10278000,9447000,676000,-86000,114000,200000,4128000,0,16384000,6823000,-66560000,8719000,0,0,3668000,1184000,59486000,1538000,-8768000,-7000,16377000,19.63,29.15
16,2016-06-30,USD,75348000,62692000,43909000,31439000,-30963000,-32082000,21543000,0,-31068000,0,19995000,290000,-31253000,5432000,105000,None,None,None,0,15722000,0,1014000,0,0,-32082000,-32082000,None,USD,819150000,121380000,None,34123000,156925000,662225000,13014000,100866000,409000,-93987000,6141000,114908000,258728000,257641000,136757000,354000,354000,1414000,62981000,497441000,None,425937000,73211000,41695000,1013000,90771000,136403000,0,0,409000,0,-93987000,-5183000,None,21056000,1384000,321709000,None,1013000,6141000,20168000,None,None,None,759572000,819150000,330852000,None,40638047,USD,31682000,-16012000,26491000,0,-84000,-227000,-616000,9387000,0,13931000,-12333000,-22695000,8698000,0,473000,-15851000,7584000,18985000,5191000,14542000,-12000,13919000,16.56,19.63
17,2016-03-31,USD,78011000,47229000,46055000,31956000,-14967000,-15533000,22110000,0,-15005000,0,19839000,306000,-15273000,5180000,38000,None,None,None,0,100000,0,528000,0,0,-15533000,-15533000,None,USD,861756000,126653000,None,35493000,171286000,690470000,11658000,120791000,410000,-61906000,1447000,114908000,264043000,243722000,157077000,347000,None,1437000,80225000,517488000,None,448909000,104979000,56089000,1104000,77205000,156730000,0,0,410000,0,-61906000,-21454000,None,21098000,1384000,344268000,None,1104000,1447000,14209000,None,None,None,771983000,861756000,348701000,None,39829128,USD,10930000,-4613000,6729000,-213000,-82000,-13480000,-49000,None,0,-25549000,-18798000,-22107000,8593000,0,-13349000,1274000,6958000,5013000,3988000,-6958000,39000,-25510000,19.48,16.56
18,2015-12-31,USD,106543000,48745000,67757000,38786000,-9695000,-9788000,20639000,0,-9814000,0,21036000,264000,-9959000,5900000,119000,None,None,None,0,1170000,0,-26000,-4219000,0,-9788000,-9788000,None,USD,890789000,131674000,None,29860000,176174000,714615000,11211000,125609000,410000,-45058000,1539000,114908000,269064000,269232000,162231000,340000,340000,1348000,79590000,542135000,21000000,468033000,116050000,49524000,1193000,77469000,161891000,0,0,410000,0,-45058000,-9222000,None,21098000,1384000,348654000,None,1193000,1539000,13943000,None,None,None,767137000,890789000,385282000,None,40526902,USD,-48838000,-5271000,-49642000,2014000,-81000,-9185000,-1086000,481000,-31978000,-64888000,-6061000,-12247000,9084000,0,-8018000,717000,10715000,4425000,2818000,-2769000,6000,-64882000,20.56,19.48
19,2015-09-30,USD,140744000,47672000,86494000,54250000,6834000,5306000,19200000,0,6739000,0,21905000,256000,6578000,6098000,95000,None,None,None,0,469000,0,1433000,0,0,5306000,5306000,None,USD,918689000,137476000,None,37254000,188784000,729905000,16538000,130873000,409000,-35271000,6873000,114908000,274655000,334114000,164092000,333000,None,1384000,80521000,563513000,None,477521000,68877000,53295000,1281000,69973000,163759000,0,0,409000,0,-35271000,0,None,21091000,1180000,355176000,None,1281000,6873000,24692000,None,None,None,763383000,918689000,402991000,None,40924013,USD,13498000,-58187000,11277000,1318000,-80000,-842000,-949000,None,5305000,20324000,9889000,9230000,9041000,0,187000,8240000,13484000,5372000,3539000,36193000,-63000,20261000,20.51,20.56
