,fiscalDateEnding,reportedCurrency_x,totalRevenue,totalOperatingExpense,costOfRevenue,grossProfit,ebit,netIncome_x,researchAndDevelopment,effectOfAccountingCharges,incomeBeforeTax,minorityInterest,sellingGeneralAdministrative,otherNonOperatingIncome,operatingIncome,otherOperatingExpense,interestExpense,taxProvision,interestIncome,netInterestIncome,extraordinaryItems,nonRecurring,otherItems,incomeTaxExpense,totalOtherIncomeExpense,discontinuedOperations,netIncomeFromContinuingOperations,netIncomeApplicableToCommonShares,preferredStockAndOtherAdjustments,reportedCurrency_y,totalAssets,intangibleAssets,earningAssets,otherCurrentAssets,totalLiabilities,totalShareholderEquity,deferredLongTermLiabilities,otherCurrentLiabilities,commonStock,retainedEarnings,otherLiabilities,goodwill,otherAssets,cash,totalCurrentLiabilities,shortTermDebt,currentLongTermDebt,otherShareholderEquity,propertyPlantEquipment,totalCurrentAssets,longTermInvestments,netTangibleAssets,shortTermInvestments,netReceivables,longTermDebt,inventory,accountsPayable,totalPermanentEquity,additionalPaidInCapital,commonStockTotalEquity,preferredStockTotalEquity,retainedEarningsTotalEquity,treasuryStock,accumulatedAmortization,otherNonCurrrentAssets,deferredLongTermAssetCharges,totalNonCurrentAssets,capitalLeaseObligations,totalLongTermDebt,otherNonCurrentLiabilities,totalNonCurrentLiabilities,negativeGoodwill,warrants,preferredStockRedeemable,capitalSurplus,liabilitiesAndShareholderEquity,cashAndShortTermInvestments,accumulatedDepreciation,commonStockSharesOutstanding,reportedCurrency,investments,changeInLiabilities,cashflowFromInvestment,otherCashflowFromInvestment,netBorrowings,cashflowFromFinancing,otherCashflowFromFinancing,changeInOperatingActivities,netIncome_y,changeInCash,operatingCashflow,otherOperatingCashflow,depreciation,dividendPayout,stockSaleAndPurchase,changeInInventory,changeInAccountReceivables,changeInNetIncome,capitalExpenditures,changeInReceivables,changeInExchangeRate,changeInCashAndCashEquivalents,clossingVal,nextClossingVal
0,2020-06-30,USD,310533000,308111000,133988000,310533000,2384000,-8430000,19784000,None,-6937000,None,133647000,-38000,2422000,154680000,9321000,1493000,None,-9321000,None,None,None,-1493000,-38000,None,-5444000,-8430000,None,USD,1355889000,274805000,None,46492000,808250000,547639000,60545000,76567000,320000,-643194000,2672000,593722000,206262000,47565000,251417000,None,None,-9228000,40163000,209608000,None,-320888000,None,114554000,529119000,997000,174850000,None,None,320000,None,-643194000,-319314000,None,127551000,None,110040000,36438000,529119000,27714000,556833000,None,None,None,1519055000,1355889000,47565000,None,245455000,USD,-12009000,21141000,-12009000,-10041000,-20000000,-20435000,-523000,-542000,-8430000,3856000,36300000,16848000,17767000,None,88000,357000,-19288000,7905000,1968000,-19288000,643000,4499000,10.06,
1,2020-03-31,USD,297457000,293609000,127418000,297457000,4077000,-3755000,19203000,None,-4005000,None,126503000,229000,3848000,147903000,8082000,-250000,-8082000,-8082000,None,None,None,-250000,229000,None,-3755000,-3755000,None,USD,1339629000,278657000,None,52409000,800916000,538713000,58891000,72939000,320000,-634764000,2652000,591022000,200005000,43073000,224635000,None,None,-14716000,43144000,193066000,None,-330966000,None,96238000,545611000,1346000,151696000,None,None,320000,None,-634764000,-318791000,None,127478000,None,106262000,39935000,545611000,30670000,576281000,None,None,None,1506664000,1339629000,43073000,None,245246000,USD,-13235000,-25459000,-13235000,-10348000,45000000,32499000,-12656000,-16147000,-3755000,21767000,2503000,-1906000,17810000,None,155000,127000,2361000,13325000,2887000,2361000,-2290000,19477000,7.23,10.06
2,2019-12-31,USD,309687000,305712000,135619000,309687000,4430000,-2375000,19142000,None,-3874000,None,127890000,455000,3975000,158680000,8304000,-1499000,-8304000,-8304000,None,None,None,-1499000,455000,None,-2375000,-2375000,None,USD,1364700000,290205000,None,46160000,797638000,567062000,55148000,59464000,316000,-631009000,2862000,602970000,199221000,23620000,251896000,12477000,None,9329000,48371000,173068000,18000,-326113000,None,101813000,497158000,1475000,179955000,None,None,316000,None,-631009000,-306043000,None,141739000,108347000,1191632000,58199000,497158000,48584000,545742000,None,None,None,1494469000,1364700000,23620000,None,242849000,USD,-12817000,18866000,-12817000,-7970000,-15328000,-15687000,-662000,-7260000,-2375000,4572000,33076000,-3237000,18940000,None,303000,-525000,-5928000,7335000,4847000,-5928000,268000,4840000,7.41,7.23
3,2019-09-30,USD,302534000,296987000,133833000,302534000,5605000,-21097000,16901000,None,-2849000,None,124934000,58000,5547000,155152000,8454000,18248000,-8454000,-8454000,None,None,None,18248000,58000,None,-21097000,-21097000,None,USD,1332434000,289525000,None,48785000,797669000,534765000,50672000,74365000,315000,-628634000,3021000,589923000,188070000,18741000,238011000,None,None,-12612000,48330000,162919000,106000,-344683000,None,94423000,508765000,970000,163646000,None,None,315000,None,-628634000,-305381000,None,138435000,None,103302000,61132000,508765000,50893000,559658000,None,None,None,1481077000,1332434000,18741000,None,242560000,USD,-16809000,6793000,-16809000,-10839000,-13324000,-14259000,-1349000,-45832000,-21097000,715000,31783000,-2405000,17883000,None,414000,108000,57000,30444000,5970000,57000,438000,1153000,11.3,7.41
4,2019-06-30,USD,297584000,297751000,128221000,297584000,-314000,4524000,16891000,None,-8801000,None,131977000,-147000,-167000,148883000,8487000,-13325000,-8487000,-8487000,None,None,None,-13325000,-147000,None,4524000,4524000,None,USD,1354503000,297967000,None,44435000,796861000,557642000,48222000,72840000,314000,-607537000,3099000,599080000,198462000,17963000,231839000,None,None,4154000,47759000,160929000,352000,-339405000,None,97465000,517924000,1066000,158999000,None,None,314000,None,-607537000,-304031000,None,129358000,None,119410000,57135000,517924000,47098000,565022000,None,None,None,1464742000,1354503000,17963000,None,241968000,USD,-11679000,28653000,-11679000,-7500000,25237000,-12761000,-28782000,21847000,4524000,877000,25317000,3952000,15697000,None,-9216000,265000,-24351000,-3423000,4179000,-24351000,-1361000,-484000,11.33,11.3
5,2019-03-31,USD,279541000,282133000,113411000,279541000,-3008000,-534000,16526000,None,-10584000,None,130982000,-416000,-2592000,134625000,7576000,-10050000,-7576000,-7576000,None,None,None,-10050000,-416000,None,-534000,-534000,None,USD,1335719000,308801000,None,44595000,805577000,530142000,43980000,67537000,314000,-612061000,3046000,602301000,185253000,18254000,207284000,10000000,10000000,11291000,48776000,137546000,1278000,-380960000,None,73375000,548265000,1322000,129747000,None,None,314000,None,-612061000,-293575000,None,124653000,None,113642000,60891000,548265000,50028000,598293000,None,None,None,1424173000,1335719000,18254000,None,242376000,USD,-10774000,-9562000,-10774000,-5497000,38872000,20786000,-18566000,-10049000,-534000,12762000,2750000,-1490000,14828000,None,480000,179000,1083000,-1754000,5277000,1083000,260000,13022000,10.04,11.33
6,2018-12-31,USD,273803000,267782000,111873000,273803000,5272000,-6943000,16635000,0,-502000,0,-90591000,-749000,6021000,341738000,5774000,None,None,None,0,0,0,6441000,-15356000,0,-6943000,-6943000,None,USD,1259488000,317341000,None,45885000,723720000,535768000,37881000,53447000,310000,-611985000,8554000,598499000,164773000,5057000,204079000,10000000,10000000,6770000,49262000,127754000,1859000,-380072000,None,75342000,509228000,1470000,140632000,None,None,310000,None,-611985000,-275009000,None,64072000,102560000,1131734000,None,509228000,10413000,519641000,None,None,None,1415682000,1259488000,5057000,None,239743000,USD,None,12610000,-358046000,-349701000,308475000,308342000,-520000,-13067000,-6943000,-20962000,28742000,2195000,12409000,None,387000,-41000,-5400000,13912000,8345000,-5400000,347000,-20615000,8.73,10.04
7,2018-09-30,USD,261531000,246684000,104351000,261531000,15194000,9588000,14309000,0,12158000,0,112000000,347000,14847000,120375000,3036000,None,None,None,0,0,0,2570000,-7361000,0,9588000,9588000,None,USD,909710000,176767000,None,37376000,371816000,537894000,34821000,27509000,310000,-605042000,8147000,389490000,176303000,25735000,162997000,10000000,10000000,10971000,42754000,121591000,2805000,-28363000,0,57060000,200672000,1420000,125488000,0,0,310000,0,-605042000,-274336000,None,64351000,None,114757000,None,200672000,8147000,208819000,None,None,None,1405991000,909710000,25735000,None,239523000,USD,None,3266000,-37177000,-34277000,9287000,7903000,-2446000,-338000,9588000,-746000,28528000,5563000,9378000,0,1062000,651000,-7829000,7911000,2900000,-7829000,448000,-298000,14.16,8.73
8,2018-06-30,USD,259875000,246500000,107204000,259875000,13712000,8559000,10375000,0,10615000,0,217063000,337000,13375000,19062000,3097000,None,None,None,0,0,0,2056000,-2760000,0,8559000,8559000,None,USD,870402000,170993000,None,37774000,351290000,519112000,32258000,28440000,309000,-614630000,7978000,369760000,167629000,26077000,163752000,18750000,18750000,8916000,43992000,115344000,2684000,-21641000,0,49460000,179560000,2033000,116562000,0,0,309000,0,-614630000,-271890000,None,57835000,None,112478000,None,179560000,7978000,187538000,None,None,None,1396407000,870402000,26077000,None,238818000,USD,None,9634000,-5610000,-1073000,-34724000,-32971000,-1131000,3376000,8559000,3886000,42467000,11995000,9227000,0,2884000,802000,-7527000,9777000,4537000,-7527000,-1240000,2646000,12.89,14.16
9,2018-03-31,USD,253573000,235905000,103567000,253573000,17415000,24524000,10820000,0,14254000,0,208285000,-253000,17668000,16800000,3161000,None,None,None,0,0,0,-10270000,-3414000,0,24524000,24524000,None,USD,887724000,189017000,None,42643000,375526000,512198000,29501000,28874000,306000,-623189000,8071000,377735000,161269000,23536000,153290000,18750000,18750000,21122000,44296000,113040000,2367000,-54554000,0,43927000,214165000,2934000,105666000,0,0,306000,0,-623189000,-270759000,None,51983000,111653000,774684000,None,214165000,8071000,222236000,None,None,None,1384718000,887724000,23536000,None,236889000,USD,None,-9234000,-6397000,-3147000,254000,-25062000,-27487000,-17862000,24524000,-7991000,23468000,1138000,9465000,0,2171000,-179000,271000,-2517000,3250000,271000,35000,-7956000,10.65,12.89
10,2017-12-31,USD,254020000,231035000,103266000,254020000,23312000,-55273000,7634000,0,19829000,0,-92174000,327000,22985000,315575000,3483000,None,None,None,0,0,0,65688000,-15346000,0,-45859000,-55273000,None,USD,858681000,195522000,None,31285000,385783000,472898000,1418000,30411000,298000,-672561000,7541000,373764000,702152000,31360000,164477000,18890000,18750000,14009000,46754000,109775000,1285000,-96388000,0,44159000,213765000,2971000,115176000,0,0,298000,0,-672561000,-244239000,None,21974000,110892000,748906000,None,213765000,7541000,221306000,None,None,None,1375391000,858681000,31360000,None,230939000,USD,602000,5606000,-7111000,-986000,-45774000,-39485000,-645000,-14473000,-55273000,862000,47458000,8740000,10372000,0,6934000,-367000,-7253000,81663000,6125000,-3283000,769000,1631000,10.17,10.65
11,2017-09-30,USD,253083000,228460000,102938000,253083000,25091000,10602000,6956000,0,21270000,0,197019000,468000,24623000,24485000,3821000,None,None,None,0,0,0,10668000,-182000,0,10602000,10602000,None,USD,934619000,205096000,None,27476000,425005000,509614000,0,31332000,295000,-617288000,6123000,371535000,786396000,29869000,159521000,18956000,18750000,10226000,45760000,102463000,None,-67017000,0,42435000,259361000,2683000,109233000,0,0,295000,0,-617288000,-243594000,None,16886000,192879000,832156000,None,259361000,6123000,265484000,None,None,None,1359975000,934619000,29869000,None,228478000,USD,1512000,2727000,-9349000,-2554000,-37528000,-35379000,-365000,-4463000,10602000,3179000,47907000,10900000,9728000,0,2514000,803000,3970000,18397000,6795000,-5250000,-110000,3069000,8.14,10.17
12,2017-06-30,USD,251836000,245177000,103861000,251836000,7349000,4825000,6670000,0,3488000,0,213926000,690000,6659000,24581000,3861000,None,None,None,0,0,0,-1337000,747000,0,4825000,4825000,None,USD,941396000,211943000,None,29597000,459226000,482170000,0,31157000,294000,-627890000,5084000,366806000,800598000,26825000,158143000,19771000,315770000,3639000,44688000,96110000,None,-96579000,0,36185000,295953000,3503000,107215000,0,0,294000,0,-627890000,-243229000,None,17563000,204286000,845286000,46000,295999000,5084000,301083000,None,None,None,1349356000,941396000,26825000,None,227287000,USD,280000,-13664000,-7518000,-2504000,-15885000,-7838000,-467000,5289000,4825000,76000,15432000,11320000,9376000,0,8514000,13000,1280000,6707000,5294000,-3145000,532000,608000,6.54,8.14
13,2017-03-31,USD,243347000,238223000,94889000,243347000,4909000,5913000,8370000,0,1206000,0,117017000,-215000,5124000,112836000,3703000,None,None,None,0,0,0,4707000,-3918000,0,-3501000,5913000,None,USD,934126000,214216000,None,32555000,488778000,445348000,392000,31172000,289000,-632715000,4323000,362424000,793577000,26220000,173833000,20934000,20934000,-10526000,45722000,94827000,None,-131292000,300000,32108000,310541000,3644000,121727000,0,0,289000,0,-632715000,-242762000,None,17911000,198502000,524000,81000,310622000,3931000,314945000,None,None,None,1331062000,934126000,26520000,None,221783000,USD,322000,-17458000,-6759000,-3380000,6649000,-13540000,-14095000,-206000,5913000,-3038000,17261000,8363000,9654000,0,-6094000,340000,4425000,6024000,3701000,4425000,128000,-2910000,6.32,6.54
14,2016-12-31,USD,246763000,241549000,96536000,246763000,5119000,1000,7607000,0,1554000,0,49186000,-95000,5214000,184756000,3565000,None,None,None,0,0,0,1553000,-2887000,0,1000,1000,None,USD,940422000,221227000,None,31798000,499125000,441297000,450000,32442000,282000,-637113000,4435000,360363000,789726000,29078000,194426000,22038000,18750000,-13594000,48415000,102281000,None,-140293000,601000,36688000,300124000,4116000,139946000,0,0,282000,0,-637113000,-219125000,None,18644000,188966000,526000,140000,300264000,3985000,304699000,None,None,None,1310847000,940422000,29679000,None,219001000,USD,5955000,16990000,-2836000,-2625000,-25817000,-23125000,-1316000,-6398000,1000,-4204000,21757000,-3818000,9540000,0,2692000,218000,-9642000,3224000,6166000,-4398000,46000,-4158000,6.85,6.32
15,2016-09-30,USD,248359000,233330000,95968000,248359000,14553000,9078000,8075000,0,10579000,0,117684000,-476000,15029000,113986000,3974000,None,None,None,0,0,0,1501000,-1522000,0,9078000,9078000,None,USD,955288000,236660000,None,23284000,514554000,440734000,531000,31862000,283000,-637114000,3347000,366509000,780734000,33236000,186279000,23082000,23082000,5000,49791000,124763000,None,-162435000,6559000,57244000,324928000,4440000,131335000,0,0,283000,0,-637114000,-217040000,None,7119000,169943000,503000,226000,324928000,2816000,328275000,None,None,None,1294600000,955288000,39795000,None,235000000,USD,1512000,-8337000,-5751000,-3231000,-15812000,-12666000,-14095000,1951000,9078000,8905000,26694000,11213000,9039000,0,3146000,-324000,5244000,4093000,4032000,1932000,628000,8905000,6.61,6.85
16,2016-06-30,USD,233675000,228288000,84430000,233675000,5516000,897000,7243000,0,2459000,0,118397000,129000,5387000,102648000,3057000,None,None,None,0,0,0,1562000,-657000,0,897000,897000,None,USD,960718000,247285000,None,24659000,545642000,415076000,592000,33070000,281000,-646192000,20028000,362269000,787546000,24331000,185270000,23365000,23365000,-3364000,52563000,120609000,None,-194478000,8074000,59257000,339277000,4288000,128835000,0,0,281000,0,-646192000,-216647000,None,7923000,169582000,487000,1067000,340344000,19436000,360372000,None,None,None,1280998000,960718000,32405000,None,216311000,USD,1530000,-1786000,-182146000,-166470000,160459000,136388000,-14095000,-366000,897000,-10831000,23989000,18213000,-95000,0,-22755000,906000,7176000,12095000,7053000,-6266000,58000,-11558000,6.1,6.61
17,2016-03-31,USD,226824000,208300000,78216000,226824000,18699000,7931000,6834000,0,16253000,0,175421000,175000,18617000,26045000,2446000,None,None,None,0,0,0,8322000,-2271000,0,7931000,7931000,None,USD,750933000,150830000,None,21529000,358421000,392512000,791000,31785000,272000,-647089000,3731000,222128000,581616000,35889000,170676000,19521000,19521000,-1677000,51881000,117436000,None,19554000,9600000,44831000,184014000,5587000,119370000,0,0,272000,0,-647089000,-190708000,None,11107000,195148000,2403000,2265000,184014000,2940000,187745000,None,None,None,1231714000,750933000,45489000,None,224000000,USD,330000,-21757000,-10153000,-1588000,-18975000,-26099000,None,-1639000,7931000,-21837000,14572000,-1639000,17230000,0,-7124000,-25000,910000,13742000,8895000,-910000,-157000,-21837000,4.57,6.1
18,2015-12-31,USD,230124000,221826000,77110000,230124000,8075000,3406000,6921000,0,5534000,0,188329000,-223000,8298000,26576000,2541000,None,None,None,0,0,0,2128000,-10094000,-2380000,3406000,3406000,None,USD,784566000,158909000,None,19733000,395825000,388741000,851000,32605000,270000,-655020000,6142000,222106000,598276000,57726000,190928000,19398000,15000000,-1677000,49483000,136807000,None,7726000,9908000,43898000,195392000,5542000,138925000,0,0,270000,0,-655020000,-179779000,None,12190000,202587000,2484000,3363000,198755000,5291000,204897000,None,None,None,1224947000,784566000,67634000,None,214280000,USD,-379000,9996000,-14413000,-6289000,-34784000,-33622000,-2007000,7751000,3406000,-1930000,46105000,2104000,18233000,0,1162000,1739000,185000,8451000,7745000,2176000,-121000,-2051000,5.74,4.57
19,2015-09-30,USD,223360000,214563000,75399000,223360000,8771000,3433000,6830000,0,6549000,0,184081000,-26000,8797000,23652000,2222000,None,None,None,0,0,0,3116000,-213000,0,3433000,3433000,None,USD,795661000,126247000,None,22475000,417264000,378397000,791000,34330000,269000,-658426000,5600000,250702000,603463000,59777000,178149000,19311000,None,-1793000,48063000,144135000,None,1448000,9537000,44518000,229031000,7828000,124508000,0,0,269000,0,-658426000,-177979000,None,11888000,212293000,2333000,4484000,233515000,4809000,239115000,None,None,None,1216326000,795661000,69314000,None,213439000,USD,-1000,5422000,-101148000,-96529000,75344000,73827000,None,None,3433000,11443000,37665000,-1585000,15725000,0,-418000,82000,1991000,10450000,4618000,4138000,-152000,11291000,5.88,5.74
