,fiscalDateEnding,reportedCurrency_x,totalRevenue,totalOperatingExpense,costOfRevenue,grossProfit,ebit,netIncome_x,researchAndDevelopment,effectOfAccountingCharges,incomeBeforeTax,minorityInterest,sellingGeneralAdministrative,otherNonOperatingIncome,operatingIncome,otherOperatingExpense,interestExpense,taxProvision,interestIncome,netInterestIncome,extraordinaryItems,nonRecurring,otherItems,incomeTaxExpense,totalOtherIncomeExpense,discontinuedOperations,netIncomeFromContinuingOperations,netIncomeApplicableToCommonShares,preferredStockAndOtherAdjustments,reportedCurrency_y,totalAssets,intangibleAssets,earningAssets,otherCurrentAssets,totalLiabilities,totalShareholderEquity,deferredLongTermLiabilities,otherCurrentLiabilities,commonStock,retainedEarnings,otherLiabilities,goodwill,otherAssets,cash,totalCurrentLiabilities,shortTermDebt,currentLongTermDebt,otherShareholderEquity,propertyPlantEquipment,totalCurrentAssets,longTermInvestments,netTangibleAssets,shortTermInvestments,netReceivables,longTermDebt,inventory,accountsPayable,totalPermanentEquity,additionalPaidInCapital,commonStockTotalEquity,preferredStockTotalEquity,retainedEarningsTotalEquity,treasuryStock,accumulatedAmortization,otherNonCurrrentAssets,deferredLongTermAssetCharges,totalNonCurrentAssets,capitalLeaseObligations,totalLongTermDebt,otherNonCurrentLiabilities,totalNonCurrentLiabilities,negativeGoodwill,warrants,preferredStockRedeemable,capitalSurplus,liabilitiesAndShareholderEquity,cashAndShortTermInvestments,accumulatedDepreciation,commonStockSharesOutstanding,reportedCurrency,investments,changeInLiabilities,cashflowFromInvestment,otherCashflowFromInvestment,netBorrowings,cashflowFromFinancing,otherCashflowFromFinancing,changeInOperatingActivities,netIncome_y,changeInCash,operatingCashflow,otherOperatingCashflow,depreciation,dividendPayout,stockSaleAndPurchase,changeInInventory,changeInAccountReceivables,changeInNetIncome,capitalExpenditures,changeInReceivables,changeInExchangeRate,changeInCashAndCashEquivalents,clossingVal,nextClossingVal
0,2020-06-30,USD,70761000,28285000,40443000,30318000,2266000,2667000,12830000,None,2266000,5000,15455000,233000,2033000,None,None,-406000,None,None,None,None,None,-406000,233000,None,2672000,2667000,None,USD,372734000,None,None,7842000,46091000,326324000,None,13441000,549000,144030000,1772000,None,2026000,196704000,41919000,None,None,-316000,59475000,308678000,2555000,326324000,None,48502000,None,55630000,32650000,None,None,549000,None,144030000,-138927000,None,1838000,None,188000,3556000,None,307000,4172000,None,None,None,320988000,372734000,196704000,None,None,USD,-5699000,0,-5699000,26000,None,115001000,-55000,-2594000,2672000,113955000,4653000,-2694000,2728000,None,115056000,None,None,1947000,5725000,None,-2000,113953000,71.95,
1,2020-03-31,USD,63401000,29704000,36070000,27331000,-2225000,-1735000,13335000,None,-2225000,4000,16369000,148000,-2373000,None,None,-494000,-21000,None,None,None,None,-494000,148000,None,-1731000,-1735000,None,USD,246725000,None,None,7808000,39728000,206681000,None,12841000,525000,141363000,1907000,None,2099000,82751000,35220000,None,None,-300000,56879000,185190000,2557000,206681000,None,41279000,None,53352000,26887000,None,None,525000,None,141363000,-138927000,None,1893000,206000,61535000,3971000,None,362000,4508000,None,None,None,204020000,246725000,82751000,None,41000000,USD,-2924000,4000,-2924000,75000,None,1972000,-89000,-2639000,-1731000,-1936000,-984000,-2676000,2711000,None,2061000,None,None,708000,2999000,None,19000,-1917000,44.54,71.95
2,2019-12-31,USD,63125000,28866000,33364000,29761000,1288000,1312000,12155000,None,1288000,3000,16711000,393000,895000,None,None,-27000,92000,None,None,None,None,-27000,93000,None,1315000,1312000,None,USD,240727000,509000,None,7096000,34857000,205562000,None,12128000,523000,143098000,2072000,None,1690000,84668000,29930000,None,None,-383000,56952000,179066000,2510000,205562000,None,38115000,None,49187000,22729000,None,None,523000,None,143098000,-138927000,None,1994000,205000,61661000,4375000,None,451000,4927000,None,None,None,201251000,240727000,84668000,None,42000000,USD,-3346000,330000,-3346000,17000,None,1141000,-39000,3838000,1315000,3464000,5669000,7149000,2687000,-139000,1319000,-1812000,5714000,764000,3363000,None,-25000,3439000,46.72,44.54
3,2019-09-30,USD,70772000,26950000,37770000,33002000,6198000,5937000,11507000,None,6198000,-5000,15443000,146000,6052000,None,None,266000,-57000,None,None,None,None,266000,146000,None,5932000,5937000,None,USD,237910000,None,None,5114000,35194000,202269000,None,12688000,522000,141786000,1581000,None,2980000,81229000,30768000,None,None,-278000,56336000,176018000,2576000,202269000,None,39987000,None,49688000,22506000,None,None,522000,None,141786000,-138927000,None,2739000,241000,61892000,4425000,None,210000,4426000,None,None,None,199166000,237910000,81229000,None,42000000,USD,-3157000,1000,-3157000,101000,None,1620000,-96000,1050000,5932000,9763000,11300000,1967000,2649000,None,1716000,-1812000,5714000,751000,3258000,None,-16000,9747000,29.52,46.72
4,2019-06-30,USD,63355000,26736000,34238000,29117000,2669000,2563000,11706000,None,2669000,-7000,15030000,288000,2381000,None,None,113000,96000,None,None,None,None,113000,288000,None,2556000,2563000,None,USD,230603000,None,None,5054000,36287000,193863000,None,11775000,521000,135849000,738000,None,3108000,71482000,33157000,1660000,1660000,-278000,55285000,169645000,2565000,193863000,None,38537000,2392000,54572000,24512000,None,None,521000,None,135849000,-138927000,None,2867000,241000,60958000,4052000,None,306000,3130000,None,None,None,196698000,230603000,71482000,None,41000000,USD,-2658000,-4000,-2658000,-116000,None,65000,-72000,1524000,2556000,4766000,7359000,1477000,2553000,None,137000,-1812000,5714000,777000,2542000,None,102000,4868000,31.05,29.52
5,2019-03-31,USD,65725000,26593000,34639000,31086000,4732000,4286000,11220000,None,4732000,20000,15373000,239000,4493000,None,None,426000,83000,83000,None,None,None,426000,156000,None,4306000,4286000,None,USD,225004000,None,None,3880000,34312000,190243000,None,11137000,521000,133286000,832000,None,3028000,66614000,30733000,1678000,1678000,-436000,55642000,163788000,2546000,190243000,None,41705000,2747000,51589000,23175000,None,None,521000,None,133286000,-138927000,None,2762000,266000,61216000,4425000,None,378000,3579000,None,None,None,195799000,225004000,66614000,None,41000000,USD,-3321000,2000,-3321000,1000,None,1540000,-30000,-9529000,4306000,-3901000,-2120000,-9635000,2445000,None,1570000,-1812000,5714000,762000,3322000,None,-42000,-3943000,31.02,31.05
6,2018-12-31,USD,73720000,26859000,39847000,33873000,7270000,6910000,11066000,0,7270000,-3000,15381000,256000,7014000,412000,0,None,None,None,0,0,0,363000,194000,0,6907000,6910000,None,USD,221068000,599000,None,3460000,36978000,183656000,None,6491000,520000,129000000,980000,None,2451000,70557000,35998000,None,None,-394000,50432000,165060000,2526000,183656000,None,43673000,None,47370000,30487000,None,None,520000,None,129000000,-138927000,None,2785000,265000,56008000,None,None,None,None,None,None,None,193457000,221068000,70557000,None,41000000,USD,None,99000,-11298000,19000,None,216000,-62000,12000000,6907000,2247000,13329000,3241000,2384000,None,278000,10827000,-8834000,698000,11317000,8834000,104000,2351000,37.79,31.02
7,2018-09-30,USD,78035000,25961000,39031000,39004000,13275000,13012000,10691000,0,13275000,36000,15280000,232000,13043000,-10000,0,None,None,None,0,0,0,227000,242000,0,13048000,13012000,None,USD,207665000,0,None,3900000,31705000,175540000,249000,5334000,520000,122090000,1014000,0,2985000,68206000,30691000,None,None,-516000,41465000,160602000,2613000,175540000,0,45052000,0,43444000,25357000,175960000,0,520000,0,122090000,-138927000,None,2801000,184000,47063000,None,None,765000,1014000,None,None,None,192373000,207665000,68206000,None,41000000,USD,None,-16000,-3332000,4000,None,3376000,-36000,-1733000,13048000,14358000,14314000,-1707000,2331000,0,3412000,-10827000,-8834000,658000,3336000,None,-72000,14286000,46.0,37.79
8,2018-06-30,USD,74196000,27567000,38313000,35883000,8272000,7860000,11403000,0,8272000,49000,16164000,-44000,8316000,0,0,None,None,None,0,0,0,363000,-394000,0,7909000,7860000,None,USD,190843000,0,None,4102000,31905000,158543000,267000,5510000,517000,109078000,1066000,0,2998000,53920000,30839000,None,None,-401000,40433000,144831000,2581000,158543000,0,45056000,0,41753000,25329000,158938000,0,517000,0,109078000,-138927000,None,2813000,185000,46012000,None,None,799000,1066000,None,None,None,188276000,190843000,53920000,None,41000000,USD,None,-20000,-1661000,39000,None,3603000,-78000,-2056000,7909000,11282000,9340000,-2023000,2270000,0,3681000,-10827000,-8834000,1204000,1700000,None,-40000,11242000,43.55,46.0
9,2018-03-31,USD,65269000,26525000,35058000,30211000,4116000,3943000,11126000,0,4116000,39000,15399000,430000,3686000,62000,0,None,None,None,0,0,0,134000,430000,0,3982000,3943000,None,USD,173630000,0,None,3733000,27275000,145992000,285000,3153000,520000,101218000,1164000,0,5653000,42678000,26111000,None,None,-234000,40973000,127004000,2548000,145992000,0,41634000,0,38959000,22958000,146355000,0,520000,0,101218000,-138927000,None,2892000,213000,46626000,None,None,879000,1164000,None,None,None,183415000,173630000,42678000,None,40000000,USD,None,-11000,-1948000,-90000,None,1191000,-94000,-7801000,3982000,-1569000,-812000,-7769000,2269000,0,1285000,0,0,717000,1858000,None,17000,-1552000,28.55,43.55
10,2017-12-31,USD,58771000,26475000,31840000,26931000,724000,1611000,11442000,0,724000,8000,15033000,268000,456000,402000,0,None,None,None,0,0,0,-895000,663000,0,1619000,1611000,None,USD,165724000,707000,None,3616000,29305000,136114000,303000,5791000,519000,93605000,1269000,0,5536000,44230000,28036000,None,None,-478000,41356000,118832000,2525000,136114000,0,34487000,0,36499000,22245000,0,0,519000,0,93605000,-138927000,None,2801000,210000,46892000,None,None,966000,1269000,None,None,None,181395000,165724000,44230000,None,40000000,USD,None,-11000,-2360000,21000,None,740000,-50000,-357000,1619000,-4722000,-3102000,-7286000,2303000,0,790000,-9309000,-9210000,273000,2381000,None,16000,-4706000,20.9,28.55
11,2017-09-30,USD,56888000,25043000,31745000,25143000,409000,-11000,10543000,0,409000,49000,14500000,309000,100000,0,0,None,None,None,0,0,0,371000,-86000,0,38000,-11000,None,USD,166076000,0,None,3470000,32459000,133320000,321000,8769000,518000,91994000,680000,0,4728000,48936000,31779000,None,None,-397000,41248000,120100000,2599000,133320000,0,33811000,0,33883000,23010000,133617000,0,518000,0,91994000,-138927000,None,2108000,21000,45976000,None,None,359000,680000,None,None,None,180132000,166076000,48936000,None,39000000,USD,None,-13000,-4478000,55000,None,677000,-64000,-1664000,38000,-2460000,1341000,-1664000,2244000,0,741000,0,0,736000,4533000,None,-29000,-2489000,23.6,20.9
12,2017-06-30,USD,57709000,26468000,31779000,25930000,-178000,-459000,11932000,0,-178000,14000,14536000,360000,-538000,0,0,None,None,None,0,0,0,267000,-290000,0,-445000,-459000,None,USD,163615000,0,None,3867000,31523000,131842000,339000,7738000,517000,92005000,757000,0,4790000,51425000,30766000,None,None,-414000,38927000,119898000,2565000,131842000,0,34092000,0,30514000,23028000,132092000,0,517000,0,92005000,-138927000,None,2204000,21000,43717000,None,None,418000,757000,None,None,None,178661000,163615000,51425000,None,39000000,USD,None,-3000,-2977000,6000,None,943000,-66000,-1377000,-445000,-1390000,644000,-1377000,2189000,0,1009000,0,0,280000,2983000,None,-12000,-1402000,17.9,23.6
13,2017-03-31,USD,54462000,25030000,30810000,23652000,-1053000,-974000,11007000,0,-1053000,20000,14023000,325000,-1378000,0,0,None,None,None,0,0,0,-99000,325000,0,-954000,-974000,None,USD,156571000,0,None,3446000,25326000,131006000,356000,4527000,516000,92464000,826000,0,4791000,52827000,24500000,None,None,-413000,38100000,113680000,2526000,131006000,0,29978000,0,27429000,19973000,131245000,0,516000,0,92464000,-138927000,None,2226000,39000,42891000,None,None,470000,826000,None,None,None,177366000,156571000,52827000,None,39000000,USD,None,48000,-2711000,-63000,None,715000,-45000,-2855000,-954000,-3343000,-1347000,-2847000,2157000,0,760000,0,0,249000,2648000,None,None,-3343000,16.1,17.9
14,2016-12-31,USD,48085000,24056000,26586000,21499000,-2623000,-2688000,10024000,0,-2623000,2000,14032000,-66000,-2557000,402000,0,None,None,None,0,0,0,63000,137000,0,-2686000,-2688000,None,USD,154067000,829000,None,3250000,23050000,130809000,374000,3403000,515000,93438000,823000,0,4721000,56170000,22227000,None,None,-561000,37574000,111772000,2508000,130809000,0,25216000,0,27136000,18824000,0,0,515000,0,93438000,-138927000,None,2175000,38000,42295000,None,None,449000,823000,None,None,None,176344000,154067000,56170000,None,39000000,USD,None,-4000,-2135000,-75000,None,1094000,-35000,-353000,-2686000,1087000,2128000,2459000,2054000,0,1129000,-3677000,780000,305000,2060000,None,17000,1104000,15.1,16.1
15,2016-09-30,USD,53227000,23650000,27304000,25923000,2484000,2336000,10338000,0,2484000,15000,13312000,211000,2273000,0,0,None,None,None,0,0,0,133000,158000,0,2351000,2336000,None,USD,155038000,0,None,3086000,22303000,132498000,392000,2626000,514000,96126000,862000,0,4763000,55066000,21441000,None,None,-96000,37535000,112740000,2580000,132498000,0,28026000,0,26562000,18815000,132735000,0,514000,0,96126000,-138927000,None,2172000,11000,42298000,None,None,470000,862000,None,None,None,174881000,155038000,55066000,None,39000000,USD,None,-16000,-1797000,-75000,None,287000,-39000,-1992000,2351000,911000,2421000,-1486000,2073000,0,326000,0,0,-501000,1722000,None,2000,913000,11.6,15.1
16,2016-06-30,USD,52941000,25072000,28470000,24471000,-537000,-544000,10757000,0,-537000,-6000,14315000,64000,-601000,0,0,None,None,None,0,0,0,13000,-86000,0,-550000,-544000,None,USD,154149000,0,None,3288000,23646000,130285000,410000,1894000,513000,93790000,917000,0,4717000,54153000,22729000,None,None,-146000,37853000,111579000,2579000,130285000,0,28008000,0,26130000,20835000,130503000,0,513000,0,93790000,-138927000,None,2127000,11000,42570000,None,None,507000,917000,None,None,None,175055000,154149000,54153000,None,39000000,USD,None,-36000,-2488000,271000,None,85000,-25000,-5053000,-550000,-5574000,-3171000,-5048000,2116000,0,110000,0,0,347000,2759000,None,17000,-5557000,10.07,11.6
17,2016-03-31,USD,46027000,24745000,26711000,19316000,-5354000,-5351000,10729000,0,-5354000,-25000,14016000,75000,-5429000,0,0,None,None,None,0,0,0,22000,75000,0,-5376000,-5351000,None,USD,151910000,0,None,3048000,21574000,130131000,433000,1970000,513000,94334000,978000,0,4476000,59710000,20596000,None,None,-394000,37177000,110257000,2553000,130131000,0,23349000,0,24150000,18626000,130336000,130336000,513000,130336000,94334000,-138927000,None,1908000,15000,41653000,None,None,545000,978000,None,None,None,174605000,151910000,59710000,None,39000000,USD,None,-34000,-2099000,-212000,None,-353000,None,None,-5376000,-3286000,-834000,2113000,2195000,0,-353000,0,0,268000,1887000,None,16000,-3270000,10.48,10.07
18,2015-12-31,USD,51394000,25283000,26375000,22831000,-2438000,-1752000,10301000,0,-2438000,89000,14982000,14000,-2452000,402000,0,None,None,None,0,0,0,-775000,5024000,0,-1663000,-1752000,None,USD,157545000,942000,None,3102000,21460000,135031000,523000,2183000,513000,99108000,804000,0,4589000,62980000,20601000,None,None,-577000,37450000,115506000,2866000,134089000,0,25982000,0,23442000,18418000,136085000,136085000,513000,136085000,99685000,-138927000,None,1708000,15000,42039000,None,None,336000,859000,None,None,None,174337000,157545000,62980000,None,39000000,USD,5360000,-752000,-4266000,-434000,None,-177000,-216000,-1820000,-1663000,-5586000,-1481000,-1478000,2188000,0,-177000,1880000,2201000,191000,3494000,None,-5000,-5591000,9.12,10.48
19,2015-09-30,USD,48664000,23504000,27378000,21286000,2783000,2503000,10121000,0,-2217000,106000,13383000,5001000,-2218000,0,0,None,None,None,0,0,0,174000,-38000,0,-2391000,2503000,None,USD,163275000,0,None,2929000,23719000,136634000,832000,2233000,512000,101437000,1378000,0,4688000,68571000,22012000,None,None,-461000,36108000,122479000,2970000,136634000,0,24720000,0,26259000,19779000,139556000,139556000,512000,139556000,101437000,-138927000,None,1718000,None,40796000,None,None,875000,1707000,None,None,None,174073000,163275000,68571000,None,39000000,USD,5000000,-26000,2649000,-79000,None,96000,None,None,2609000,3417000,672000,549000,2231000,0,96000,0,0,-4691000,2272000,None,6000,3423000,10.2,9.12
