,fiscalDateEnding,reportedCurrency_x,totalRevenue,totalOperatingExpense,costOfRevenue,grossProfit,ebit,netIncome_x,researchAndDevelopment,effectOfAccountingCharges,incomeBeforeTax,minorityInterest,sellingGeneralAdministrative,otherNonOperatingIncome,operatingIncome,otherOperatingExpense,interestExpense,taxProvision,interestIncome,netInterestIncome,extraordinaryItems,nonRecurring,otherItems,incomeTaxExpense,totalOtherIncomeExpense,discontinuedOperations,netIncomeFromContinuingOperations,netIncomeApplicableToCommonShares,preferredStockAndOtherAdjustments,reportedCurrency_y,totalAssets,intangibleAssets,earningAssets,otherCurrentAssets,totalLiabilities,totalShareholderEquity,deferredLongTermLiabilities,otherCurrentLiabilities,commonStock,retainedEarnings,otherLiabilities,goodwill,otherAssets,cash,totalCurrentLiabilities,shortTermDebt,currentLongTermDebt,otherShareholderEquity,propertyPlantEquipment,totalCurrentAssets,longTermInvestments,netTangibleAssets,shortTermInvestments,netReceivables,longTermDebt,inventory,accountsPayable,totalPermanentEquity,additionalPaidInCapital,commonStockTotalEquity,preferredStockTotalEquity,retainedEarningsTotalEquity,treasuryStock,accumulatedAmortization,otherNonCurrrentAssets,deferredLongTermAssetCharges,totalNonCurrentAssets,capitalLeaseObligations,totalLongTermDebt,otherNonCurrentLiabilities,totalNonCurrentLiabilities,negativeGoodwill,warrants,preferredStockRedeemable,capitalSurplus,liabilitiesAndShareholderEquity,cashAndShortTermInvestments,accumulatedDepreciation,commonStockSharesOutstanding,reportedCurrency,investments,changeInLiabilities,cashflowFromInvestment,otherCashflowFromInvestment,netBorrowings,cashflowFromFinancing,otherCashflowFromFinancing,changeInOperatingActivities,netIncome_y,changeInCash,operatingCashflow,otherOperatingCashflow,depreciation,dividendPayout,stockSaleAndPurchase,changeInInventory,changeInAccountReceivables,changeInNetIncome,capitalExpenditures,changeInReceivables,changeInExchangeRate,changeInCashAndCashEquivalents,clossingVal,nextClossingVal
0,2020-06-30,USD,0,10606000,None,None,-9572000,-9572000,7780000,None,-9572000,None,2826000,1034000,-10606000,None,None,None,1040000,1020000,None,None,None,None,14000,None,-9572000,-9572000,None,USD,271198000,None,None,7616000,9251000,261947000,89000,316000,1000,-147956000,None,None,118000,18790000,9053000,None,None,333000,462000,270618000,None,261947000,244212000,None,None,None,8737000,None,None,1000,None,-147956000,None,None,580000,None,580000,514000,None,198000,198000,None,None,None,409569000,271198000,263002000,None,72758342,USD,9780000,-229000,9780000,None,None,416000,442000,194000,-9572000,3530000,-6666000,633000,853000,None,-26000,None,None,1649000,0,None,None,3530000,7.21,
1,2020-03-31,USD,0,10948000,None,None,-9687000,-9687000,7987000,None,-9687000,None,2961000,1261000,-10948000,None,None,None,1261000,1259000,None,None,None,None,2000,None,-9687000,-9687000,None,USD,277104000,None,None,7285000,8821000,268283000,99000,309000,1000,-138384000,None,None,128000,15260000,8542000,None,None,-812000,530000,276446000,None,268283000,253901000,None,None,None,8233000,None,None,1000,None,-138384000,None,None,658000,None,658000,588000,None,279000,279000,None,None,None,407478000,277104000,269161000,None,72562863,USD,11152000,2490000,11152000,11152000,None,33000,33000,2326000,-9687000,6883000,-4302000,607000,636000,None,160000,None,None,1652000,0,None,None,6883000,4.68,7.21
2,2019-12-31,USD,0,8873000,None,None,-7450000,-7450000,6451000,None,-7450000,None,2422000,1423000,-8873000,None,0,None,1469000,1423000,None,None,None,None,0,None,-7450000,-7450000,None,USD,284256000,None,None,7863000,7137000,277119000,128000,302000,1000,-128697000,None,None,157000,8377000,6777000,None,None,12000,598000,283501000,None,277119000,267261000,None,None,None,6475000,None,None,1000,None,-128697000,None,None,755000,None,755000,662000,None,360000,360000,None,None,None,405803000,284256000,275638000,None,72413602,USD,-11061000,862000,-11061000,7463000,None,229000,236000,-6420000,-7450000,-22575000,-11743000,-6585000,454000,None,-7000,None,None,976000,0,None,None,-22575000,8.02,4.68
3,2019-09-30,USD,0,7439000,None,None,-5731000,-5731000,5279000,None,-5731000,None,2160000,1708000,-7439000,None,0,None,1742000,1702000,None,None,None,None,6000,None,-5731000,-5731000,None,USD,290122000,None,None,1184000,6630000,283492000,173000,295000,1000,-121247000,None,None,202000,30952000,6192000,None,None,157000,664000,289256000,None,283492000,257120000,None,None,None,5897000,None,None,1000,None,-121247000,None,None,866000,None,866000,733000,None,438000,438000,None,None,None,404581000,290122000,288072000,None,72255876,USD,15154000,1502000,15154000,18524000,None,73000,139000,1108000,-5731000,11829000,-3398000,-141000,161000,None,-66000,None,None,811000,0,None,None,11829000,6.88,8.02
4,2019-06-30,USD,0,9569000,None,None,-7674000,-7674000,7333000,None,-7674000,None,2236000,1895000,-9569000,None,0,None,1925000,1895000,None,None,None,None,1895000,None,-7674000,-7674000,None,USD,294493000,None,None,1008000,6139000,288354000,90000,288000,1000,-115516000,None,None,119000,19123000,5626000,None,None,239000,730000,293644000,None,288354000,273513000,None,None,None,5338000,None,None,1000,None,-115516000,None,None,849000,None,849000,801000,None,513000,513000,None,None,None,403630000,294493000,292636000,None,72173489,USD,10979000,904000,10979000,3370000,None,260000,260000,100000,-7674000,4780000,-6459000,-574000,-37000,None,707000,None,None,922000,0,None,None,4780000,8.3,6.88
5,2019-03-31,USD,0,6806000,None,None,-4924000,-4924000,4496000,None,-4924000,None,2310000,1882000,-6806000,None,0,None,1882000,1884000,None,None,None,None,-2000,None,-4924000,-4924000,None,USD,300080000,None,None,419000,5506000,294574000,120000,281000,1000,-107842000,None,None,149000,14343000,4918000,281000,281000,-49000,794000,299137000,None,294574000,284375000,None,588000,None,4637000,None,None,1000,None,-107842000,None,None,943000,None,943000,869000,None,588000,588000,None,None,None,402464000,300080000,298718000,None,72027657,USD,-7609000,598000,-7609000,-7609000,None,325000,325000,-43000,-4924000,-10436000,-3152000,241000,-101000,None,409000,None,None,1034000,0,None,None,-10436000,9.94,8.3
6,2018-12-31,USD,0,7037000,0,0,-5240000,-5240000,5089000,0,-5240000,0,1948000,1797000,-7037000,0,-30000,None,None,None,0,0,0,0,1797000,0,-5240000,-5240000,None,USD,302312000,None,None,613000,4562000,297750000,12000,None,1000,-102918000,12000,None,179000,24779000,4550000,None,None,-423000,None,302133000,None,297750000,276741000,None,None,None,4550000,None,None,1000,None,-102918000,None,None,179000,None,179000,None,None,None,12000,None,None,None,401090000,302312000,301520000,None,71742043,USD,-142391000,162000,-142391000,-265729000,-3833000,343000,626000,2023000,-5240000,-144727000,-2679000,1853000,-71000,None,-283000,None,None,617000,0,None,None,-144727000,7.65,9.94
7,2018-09-30,USD,0,7394000,0,0,-6600000,-6600000,5687000,0,-6600000,0,1707000,794000,-7394000,0,-30000,None,None,None,0,0,0,0,794000,0,-6600000,-6600000,None,USD,306796000,0,None,2454000,4743000,302053000,180000,3528000,1000,-97678000,None,0,180000,169506000,4743000,None,None,-117000,0,306616000,None,302053000,134656000,None,0,0,4743000,302053000,68327000,1000,0,-97678000,0,None,180000,None,180000,None,None,None,None,None,None,None,399847000,306796000,304162000,None,71284604,USD,-27086000,685000,-27086000,0,None,167485000,2496000,588000,-6600000,134896000,-5503000,-333000,-5000,0,164989000,0,0,750000,0,None,None,134896000,17.42,7.65
8,2018-06-30,USD,0,6925000,0,0,-6672000,-6672000,5221000,0,-6672000,0,1704000,253000,-6925000,0,-190000,None,None,None,0,0,0,0,253000,0,-6672000,-6672000,None,USD,144468000,0,None,2092000,4105000,140363000,210000,2612000,1000,-91078000,None,0,210000,34610000,4105000,None,None,-147000,0,144258000,None,140363000,107556000,None,0,0,4105000,140363000,231587000,1000,0,-91078000,0,None,210000,None,210000,None,None,None,None,None,None,None,231587000,144468000,142166000,None,60652794,USD,-66625000,1373000,-66625000,0,-3833000,70149000,1522000,-536000,-6672000,-1746000,-5270000,-835000,233000,0,72460000,0,0,631000,0,None,None,-1746000,9.49,17.42
9,2018-03-31,USD,0,4805000,0,0,-3551000,-3551000,3043000,0,-3551000,0,1762000,1254000,-4805000,0,-312000,None,None,None,0,0,0,0,1254000,0,-3551000,-3551000,None,USD,78971000,0,None,1263000,6339000,72632000,240000,37000,1000,-84406000,None,0,240000,36356000,6339000,3721000,3721000,-109000,0,78731000,None,72632000,41112000,None,0,0,2581000,0,0,1000,0,-84406000,0,None,240000,None,240000,None,None,None,None,None,None,None,157146000,78971000,77468000,None,50933195,USD,-29627000,-1260000,-29627000,0,-3833000,62298000,3622000,-744000,-3551000,27368000,-5303000,-1422000,320000,0,58676000,0,0,610000,0,None,None,27368000,4.37,9.49
10,2017-12-31,USD,0,29326887,0,0,-13665777,-14478007,3033000,0,-20577665,0,4427000,None,-14378657,0,317000,None,None,None,0,0,0,0,-1507476,0,-14327209,-14327209,None,USD,22121411,0,None,1275842,8656575,13464836,269613,1397597,358,-80854932,None,0,269000,8988478,8656575,3450540,3450540,-19769,0,21851798,None,13464836,11587478,None,0,0,3808438,0,94339179,358,0,-80854932,0,None,269613,None,269613,None,None,None,None,None,None,None,94339179,22121411,20575956,None,35817104,USD,-1729707,1273000,-1729707,0,-77261,22401000,-500257,1507587,-20577665,5912976,-14757767,None,0,0,22351890,0,0,1201182,0,None,None,None,4.06,4.37
11,2017-09-30,USD,0,4691531,0,0,-6099658,-6099658,3464639,0,-6099658,0,1226892,-1408127,-4691531,0,297000,None,None,None,0,0,0,0,0,0,-6099658,-6099658,None,USD,11839444,0,None,1686292,9613483,2225961,0,2030226,285,-76770459,None,0,314000,2568063,9613483,3180411,3180411,-3558,0,11525074,None,2225961,7270719,None,0,0,4402846,0,0,285,0,-76770459,0,None,314370,None,314370,None,None,None,None,None,None,None,78999693,11839444,9838782,None,28498847,USD,1391829,493459,1391829,0,-77261,1110586,-213,564023,-6099658,-825588,-3328003,1648071,285997,0,1188060,0,0,344128,0,None,None,-825588,1.91,4.06
12,2017-06-30,USD,0,4982743,0,0,-5171634,-5171634,3715379,0,-5171634,0,1267364,-188891,-4982743,0,784000,None,None,None,0,0,0,0,0,0,-5171634,-5171634,None,USD,14320911,0,None,2180721,7733032,6587879,6054,894152,277,-70670801,6000,0,57000,3393651,7726978,3050427,3050427,-5999,0,14264002,None,6587879,8689630,None,0,0,3782399,0,0,277,0,-70670801,0,None,56909,None,56909,None,None,None,6054,None,None,None,77264402,14320911,12083281,None,27697284,USD,-764643,231032,-764643,0,-77261,4002418,-13871,529331,-5171634,-965395,-4203170,40881,355293,0,4016289,0,0,341258,0,None,None,-965395,1.08,1.91
13,2017-03-31,USD,0,4968662,0,0,-5221900,-5221900,3528150,0,-5221900,0,1440512,-253238,-4968662,0,553000,None,None,None,0,0,0,0,0,0,-5221900,-5221900,None,USD,15152607,0,None,2360631,7606520,7546087,10862,1655000,239,-65499167,512000,0,479000,4359046,3382166,None,None,-7499,0,14673917,None,7546087,7954240,None,3713029,0,3382166,0,0,239,0,-65499167,0,None,478690,None,478690,None,3713029,500463,4224354,None,None,None,73052514,15152607,12313286,None,23925425,USD,2038583,995078,2038583,0,-77261,2523553,-213,221310,-5221900,1283544,-3278592,84119,461872,0,2523553,0,0,402239,0,None,None,1283544,1.46,1.08
14,2016-12-31,USD,0,13847275,0,0,-13847275,-10924390,2647000,0,-14731822,0,3738000,None,-10582993,0,549000,None,None,None,0,0,0,0,-884547,0,-14731822,-14731822,None,USD,14535708,0,None,824269,6492841,8042867,16307,731048,208,-60277267,16000,0,561000,3075502,6476534,3269582,3269582,-6892,0,13974829,None,8042867,10075058,None,0,0,2475904,0,68326818,208,0,-60277267,0,None,560879,None,560879,None,None,731048,16307,None,None,None,68326818,14535708,13150560,None,20823873,USD,3029765,536000,3030000,0,-94861,10348000,-1096205,172693,-14731822,2306952,-11071263,None,0,0,11548518,0,0,883892,0,None,None,None,1.19,1.46
15,2016-09-30,USD,0,0,0,0,-3807431,-3807431,2105000,0,-3807431,0,1159488,-543149,-3264282,0,501000,None,None,None,0,0,0,0,0,0,-3807431,-3807431,None,USD,16318000,0,None,1005000,6098000,10220000,0,1351135,0,-56632658,20000,0,695000,3055000,6078000,2826135,None,-6137,0,15623313,None,10219525,11563000,None,0,0,1900422,0,0,0,0,-56632658,0,None,694380,None,694380,None,None,None,20476,None,None,None,66858121,16317693,14617842,None,19000000,USD,441028,150293,441028,0,None,108349,-2092,None,-3807432,-2105038,-2654415,218593,0,0,110441,0,0,320953,0,None,None,-2105038,1.4011,1.19
16,2016-06-30,USD,0,0,0,0,-3692793,-3692793,2371000,0,-3692793,0,1206995,-114740,-3578053,0,551000,None,None,None,0,0,0,0,0,0,-3692793,-3692793,None,USD,18549000,0,None,1114000,5764000,12785000,0,1286621,0,-52825226,25000,0,239000,5160000,5739000,2382688,None,-6786,0,18310165,None,12785469,12036000,None,0,0,2069583,0,0,0,0,-52825226,0,None,80000,None,158842,None,None,None,24646,None,None,None,65617288,18549007,17196469,None,19275277,USD,-4831119,30047,-4831119,0,-94861,9202000,-23759,None,-3692793,1201167,-3226840,-615852,0,0,9918750,0,0,490245,0,None,None,1201167,1.26,1.4011
17,2016-03-31,USD,0,3267417,0,0,-3586988,-3586988,1877178,0,-3586988,0,1390239,-319571,-3267417,0,432000,None,None,None,0,0,0,0,0,0,-3586988,-3586988,None,USD,12756902,0,None,909895,6987163,5769739,27624,746000,97,-49132433,1929000,0,595000,3958763,1918125,None,None,-195,0,12161521,None,5769739,7292863,None,3139861,0,1918125,0,0,97,0,-49132433,0,None,80000,None,515381,None,3139861,1901553,5069038,None,None,None,54902270,12756902,11251626,None,9683741,USD,5972640,-302979,5972640,0,None,-57303,None,None,-3586988,3190213,-2725124,91157,449132,0,-57303,0,0,624554,0,None,None,3190213,1.42,1.26
18,2015-12-31,USD,0,11996478,0,0,-11996478,-32243925,3220000,0,-23403988,0,4620000,None,-10796211,0,255000,None,None,None,0,0,0,0,-11407510,0,-23403988,-23403988,None,USD,15439000,0,None,1098000,6714000,8725000,31239,1385000,97,-45545445,2585000,0,237000,769000,1977000,2151540,2151540,-7370,0,15201648,None,8724998,13335000,None,2152000,0,1976812,8724998,8724998,97,8724998,-45545445,-8724998,None,80000,None,157455,None,2151540,2554514,4737293,None,None,None,54277716,15439103,14104049,None,9683741,USD,-13470042,1779000,-13470042,0,-94861,22214000,-2782462,401082,-23403988,12693,-8731494,None,0,0,25392500,0,0,13158673,0,None,None,None,3.41,1.42
19,2015-09-30,USD,0,4288221,0,0,-4736544,-4736544,2507553,0,-4736544,0,1780668,-448323,-4288221,0,251000,None,None,None,0,0,0,0,0,0,-4736544,-4736544,None,USD,19012251,0,None,1442629,5741700,13270551,19149,2154062,98,-40454482,19000,0,80000,2140115,5722551,1911024,None,-4848,0,18932251,None,13270551,15349507,None,0,0,1657465,0,0,98,0,-40454482,0,None,80000,None,80000,None,None,None,19149,None,None,None,53729783,19012251,17489622,None,9783312,USD,-27600109,1145357,-3251975,0,None,-704656,None,None,-4736544,-7357085,-3400454,-714936,304077,0,-704656,0,0,601592,0,None,None,-7357085,5.8595,3.41
