,fiscalDateEnding,reportedCurrency_x,totalRevenue,totalOperatingExpense,costOfRevenue,grossProfit,ebit,netIncome_x,researchAndDevelopment,effectOfAccountingCharges,incomeBeforeTax,minorityInterest,sellingGeneralAdministrative,otherNonOperatingIncome,operatingIncome,otherOperatingExpense,interestExpense,taxProvision,interestIncome,netInterestIncome,extraordinaryItems,nonRecurring,otherItems,incomeTaxExpense,totalOtherIncomeExpense,discontinuedOperations,netIncomeFromContinuingOperations,netIncomeApplicableToCommonShares,preferredStockAndOtherAdjustments,reportedCurrency_y,totalAssets,intangibleAssets,earningAssets,otherCurrentAssets,totalLiabilities,totalShareholderEquity,deferredLongTermLiabilities,otherCurrentLiabilities,commonStock,retainedEarnings,otherLiabilities,goodwill,otherAssets,cash,totalCurrentLiabilities,shortTermDebt,currentLongTermDebt,otherShareholderEquity,propertyPlantEquipment,totalCurrentAssets,longTermInvestments,netTangibleAssets,shortTermInvestments,netReceivables,longTermDebt,inventory,accountsPayable,totalPermanentEquity,additionalPaidInCapital,commonStockTotalEquity,preferredStockTotalEquity,retainedEarningsTotalEquity,treasuryStock,accumulatedAmortization,otherNonCurrrentAssets,deferredLongTermAssetCharges,totalNonCurrentAssets,capitalLeaseObligations,totalLongTermDebt,otherNonCurrentLiabilities,totalNonCurrentLiabilities,negativeGoodwill,warrants,preferredStockRedeemable,capitalSurplus,liabilitiesAndShareholderEquity,cashAndShortTermInvestments,accumulatedDepreciation,commonStockSharesOutstanding,reportedCurrency,investments,changeInLiabilities,cashflowFromInvestment,otherCashflowFromInvestment,netBorrowings,cashflowFromFinancing,otherCashflowFromFinancing,changeInOperatingActivities,netIncome_y,changeInCash,operatingCashflow,otherOperatingCashflow,depreciation,dividendPayout,stockSaleAndPurchase,changeInInventory,changeInAccountReceivables,changeInNetIncome,capitalExpenditures,changeInReceivables,changeInExchangeRate,changeInCashAndCashEquivalents,clossingVal,nextClossingVal
0,2020-04-30,USD,458292000,114665000,328391000,129901000,16146000,11152000,None,None,15583000,None,106987000,910000,15236000,7678000,563000,4431000,910000,347000,None,None,None,4431000,None,None,11152000,11152000,None,USD,590096000,None,None,15853000,263088000,327008000,None,11765000,68119000,280294000,13158000,12586000,77416000,89602000,124520000,452000,141000,-7466000,230886000,145587000,81234000,314422000,None,7519000,125410000,32613000,112303000,None,None,68119000,None,280294000,-13939000,None,119803000,None,444509000,130878000,125410000,13158000,138568000,None,None,None,None,590096000,89602000,None,None,USD,-697000,3876000,-9867000,521000,-171000,-7570000,None,-3098000,11152000,14206000,31643000,2508000,7677000,-3259000,-4140000,8300000,None,1189000,9691000,-3059000,None,14206000,24.03,
1,2020-01-31,USD,437422000,115532000,319475000,117947000,3445000,2005000,None,None,2877000,None,107734000,1030000,2415000,7798000,568000,872000,1030000,462000,None,None,None,872000,462000,None,2005000,2005000,None,USD,586772000,None,None,25461000,264790000,321982000,None,12105000,67352000,272401000,12258000,12586000,68822000,75396000,124199000,425000,109000,-7972000,231322000,147464000,80537000,309396000,None,5294000,128333000,41313000,111669000,None,None,67352000,None,272401000,-9799000,None,114863000,None,439308000,134020000,128333000,12258000,140591000,None,None,None,None,586772000,75396000,None,18000000,USD,-750000,3336000,-23318000,-6796000,-166000,-3613000,None,14090000,2005000,-2545000,24386000,895000,7799000,-3218000,-229000,-630000,None,-853000,15772000,11834000,None,-2545000,22.26,24.03
2,2019-10-31,USD,407402000,110578000,293856000,113546000,4227000,2567000,None,None,3660000,None,103140000,1259000,2968000,7438000,567000,1093000,1259000,692000,None,None,None,1093000,692000,None,2567000,2567000,None,USD,581691000,None,None,16833000,259244000,322447000,None,11325000,66644000,273614000,11190000,12650000,67866000,77941000,120421000,416000,89000,-8241000,224489000,151810000,79787000,309797000,None,16353000,127633000,40683000,108680000,None,None,66644000,None,273614000,-9570000,None,112955000,None,429881000,132428000,127633000,11190000,138823000,None,None,None,None,581691000,77941000,None,18000000,USD,-796000,-107000,-23145000,-796000,-170000,-3410000,None,-7604000,2567000,-23180000,3375000,-2079000,7438000,-3220000,-20000,-2180000,None,2103000,22349000,-4367000,None,-23180000,26.5,22.26
3,2019-07-31,USD,418366000,107879000,302110000,116256000,9775000,6729000,None,None,8673000,None,101070000,1398000,8377000,6809000,1102000,1944000,1397000,295000,None,None,None,1944000,295000,None,6729000,6729000,None,USD,502289000,None,None,17206000,183617000,318672000,None,1070000,65811000,270753000,23418000,12650000,95968000,101121000,112474000,1022000,43000,-8342000,224890000,168781000,78852000,306022000,None,11951000,47725000,38503000,111452000,None,None,65811000,None,270753000,-9550000,None,17116000,None,333508000,41775000,47725000,23418000,71143000,None,None,None,None,502289000,101121000,None,18000000,USD,-801000,6262000,-15241000,-5267000,-222000,-3788000,8000,-2840000,6729000,-3010000,16019000,-438000,6809000,-3232000,-342000,1008000,None,-805000,9173000,-3546000,None,-3010000,25.03,26.5
4,2019-04-30,USD,395458000,103917000,284847000,110611000,8096000,4970000,None,None,6990000,None,97351000,1402000,6694000,6566000,1106000,2020000,1402000,296000,None,None,None,2020000,296000,None,4970000,4970000,None,USD,488928000,None,None,17012000,173357000,315571000,None,275000,65101000,267256000,23515000,12057000,63883000,104131000,101815000,949000,29000,-7577000,214577000,169836000,77982000,303514000,None,9771000,48027000,38922000,100866000,None,None,65101000,None,267256000,-9209000,None,14476000,None,319092000,41977000,48027000,23515000,71542000,None,None,None,None,488928000,104131000,None,18000000,USD,-795000,-2658000,-5877000,102000,-228000,-2417000,26000,-5883000,4971000,-4403000,3891000,-3196000,6566000,-3223000,1008000,519000,None,1150000,5184000,-3461000,None,-4403000,29.38,25.03
5,2019-01-31,USD,428128000,107053000,310392000,117736000,11988000,7571000,0,None,10876000,None,100036000,1305000,10683000,7017000,1112000,6020000,None,None,None,None,None,3305000,193000,None,7571000,7571000,None,USD,490400000,None,None,18573000,178860000,311540000,None,745000,63893000,265508000,28330000,12057000,14383000,108534000,102153000,863000,56000,-7981000,214547000,197096000,52317000,299483000,None,30348000,48377000,39641000,101290000,None,None,63893000,None,265508000,-9880000,None,14383000,None,293304000,None,48377000,28330000,76707000,None,None,None,None,490400000,108534000,None,18000000,USD,-788000,1606000,-5848000,-1531000,-828000,-4205000,26000,14176000,7570000,19700000,29753000,2139000,7017000,-3213000,-164000,-342000,None,376000,5060000,11387000,None,19700000,26.89,29.38
6,2018-10-31,USD,401550000,103191000,289437000,112113000,10100000,6269000,0,None,8984000,None,96293000,1178000,8922000,6898000,1116000,None,None,None,None,None,None,2715000,477000,None,6269000,6269000,None,USD,483873000,12057000,None,20795000,177323000,306550000,0,4209000,63198000,261151000,28273000,12057000,37404000,88834000,100360000,805000,691000,-8083000,216291000,189546000,52069000,294493000,0,40618000,48690000,39299000,99555000,0,0,63198000,0,261151000,-9716000,None,13910000,None,294327000,None,48690000,28273000,76963000,None,None,None,None,483873000,88834000,None,18000000,USD,-743000,-1910000,-9314000,-743000,-298000,-4085000,26000,-6742000,6269000,-7274000,6125000,-1462000,6898000,-3222000,-565000,11000,0,670000,8571000,-4351000,None,-7274000,24.64,26.89
7,2018-07-31,USD,413551000,104707000,299590000,113961000,10323000,6011000,0,0,9203000,0,98412000,1069000,9254000,6295000,1120000,None,None,None,0,0,0,3192000,-51000,0,6011000,6011000,None,USD,481590000,12057000,None,19401000,178445000,303145000,0,1321000,62377000,258104000,28562000,12057000,64069000,96108000,101697000,764000,114000,-8185000,214566000,190898000,50222000,291088000,0,11937000,48186000,39413000,100933000,0,0,62377000,0,258104000,-9151000,None,13847000,None,290692000,None,48186000,28562000,76748000,None,None,None,None,481590000,96108000,None,18000000,USD,-5533000,12226000,-14259000,4855000,-249000,-3241000,5000,1040000,6010000,9661000,27161000,3824000,6295000,-3222000,225000,2109000,718000,272000,13581000,-3575000,None,9661000,26.93,24.64
8,2018-04-30,USD,394608000,99863000,285731000,108877000,10026000,6542000,0,0,8893000,0,93780000,1012000,9014000,6083000,1133000,None,None,None,0,0,0,2351000,-121000,0,6542000,6542000,None,USD,464323000,12057000,None,16953000,165921000,298402000,0,991000,61066000,253722000,22339000,12057000,42066000,79916000,95125000,731000,187000,-7121000,210502000,172605000,49879000,286345000,0,34490000,48457000,41246000,94394000,0,0,61066000,0,253722000,-9265000,None,19280000,None,291718000,None,48457000,22339000,70796000,None,None,None,None,464323000,79916000,None,18000000,USD,-652000,-4839000,-9690000,114000,-246000,-3463000,5000,-6845000,6542000,-9854000,3299000,-4542000,6083000,-3217000,0,1000000,4293000,2567000,9152000,-3512000,None,-9854000,27.2,26.93
9,2018-01-31,USD,417382000,102452000,305097000,112285000,10697000,9511000,0,0,9595000,0,96066000,864000,9833000,6386000,1102000,None,None,None,0,0,0,84000,-238000,0,9511000,9511000,None,USD,467887000,12057000,None,18424000,173703000,294184000,0,16620000,60272000,250397000,26824000,12057000,104455000,89738000,98143000,714000,254000,-7220000,205401000,158031000,72824000,282127000,0,7523000,48736000,42346000,97429000,0,0,60272000,0,250397000,-9265000,None,19574000,None,309856000,None,48736000,26824000,75560000,None,None,None,None,467887000,89738000,None,18000000,USD,21541000,3981000,-11568000,-4835000,6324000,2625000,-297000,12706000,9512000,21710000,30653000,-295000,6386000,-3221000,-478000,125000,7805000,-1358000,6102000,12302000,None,21710000,23.48,27.2
10,2017-10-31,USD,386474000,98527000,282595000,103879000,6252000,3016000,0,0,5147000,0,92292000,900000,5352000,6235000,1105000,None,None,None,0,0,0,2131000,0,0,3016000,3016000,None,USD,448908000,12057000,None,17957000,161495000,287413000,0,15921000,59416000,244106000,29005000,12057000,92484000,74591000,90097000,696000,291000,-7322000,204147000,152277000,72193000,275356000,0,17258000,42393000,42471000,89401000,0,0,59416000,0,244106000,-8787000,None,8234000,None,296631000,None,42393000,29005000,71398000,None,None,None,None,448908000,74591000,None,18000000,USD,-22592000,-3800000,-7033000,16000,-210000,-3582000,-297000,-9808000,3016000,-12844000,-2229000,-3422000,6235000,-3218000,-154000,-619000,0,858000,6629000,-4497000,None,-12844000,23.99,23.48
11,2017-07-31,USD,410683000,100559000,298194000,112489000,12709000,6805000,0,0,11599000,0,94435000,779000,11930000,6124000,1110000,None,None,None,0,0,0,4794000,-1611000,0,6805000,6805000,None,USD,455225000,12057000,None,15670000,168405000,286820000,0,17810000,58551000,244308000,22810000,12057000,69313000,87435000,96193000,652000,292000,-7406000,204440000,181472000,49655000,274763000,0,12655000,42646000,41852000,95541000,0,0,58551000,0,244308000,-8633000,None,7601000,None,273753000,None,42646000,29566000,72212000,None,None,None,None,455225000,87435000,None,18000000,USD,-529000,10363000,-8500000,-1945000,-206000,-4508000,83000,654000,6804000,6883000,19891000,-2599000,6124000,-3226000,-1076000,1165000,530000,1714000,7971000,-3680000,None,6883000,24.73,23.99
12,2017-04-30,USD,391984000,97598000,283648000,108336000,11464000,6015000,0,0,10353000,0,91536000,726000,10738000,6062000,1111000,None,None,None,0,0,0,4338000,0,0,6015000,6015000,None,USD,445021000,12057000,None,15223000,166428000,278593000,0,16103000,57696000,240730000,35866000,12057000,69158000,80552000,87667000,609000,609000,-12276000,202998000,172865000,49360000,266536000,0,34285000,42895000,42805000,87058000,0,0,57696000,0,240730000,-7557000,None,7741000,None,272156000,None,42895000,35866000,78761000,None,None,None,None,445021000,80552000,None,18000000,USD,-489000,-3465000,-7231000,0,-203000,-6440000,-297000,3481000,6016000,-2555000,11116000,3481000,6062000,-3232000,-3005000,526000,4210000,2193000,6742000,-3697000,None,-2555000,26.39,24.73
13,2017-01-31,USD,412215000,100626000,300977000,111238000,11260000,5992000,0,0,10146000,0,94393000,648000,10612000,6233000,1114000,None,None,None,0,0,0,4154000,0,0,5992000,5992000,None,USD,449982000,12057000,None,18784000,171234000,278748000,0,15649000,57830000,237946000,34861000,12057000,68905000,83107000,93233000,567000,567000,-12476000,202104000,178973000,49087000,266691000,0,33651000,43140000,43431000,92666000,0,0,57830000,0,237946000,-4552000,None,7761000,None,271009000,None,43140000,34861000,78001000,None,None,None,None,449982000,83107000,None,18000000,USD,-468000,3352000,-6686000,0,-827000,-3528000,51000,-1084000,5992000,17249000,27463000,-1084000,6233000,-3168000,416000,-196000,7907000,623000,6218000,12543000,None,17249000,30.29,26.39
14,2016-10-31,USD,389692000,97194000,285044000,104648000,8142000,4109000,0,0,7025000,0,91131000,688000,7454000,6063000,1117000,None,None,None,0,0,0,2916000,0,0,4109000,4109000,None,USD,443247000,12057000,None,17550000,169073000,274174000,0,15042000,56910000,235122000,35492000,12057000,68781000,65858000,90217000,527000,527000,-13072000,202332000,172134000,48824000,262117000,0,45491000,43364000,43235000,89690000,0,0,56910000,0,235122000,-4786000,None,7900000,None,271113000,None,43364000,35492000,78856000,None,None,None,None,443247000,65858000,None,18000000,USD,-459000,-16229000,-7254000,0,-216000,-2950000,32000,-1171000,4109000,-22521000,-12317000,-1171000,6063000,-3162000,396000,-1224000,0,771000,6795000,-4636000,None,-22521000,29.9,30.29
15,2016-07-31,USD,437301000,105430000,317221000,120080000,15368000,8448000,0,0,14248000,0,99169000,719000,14650000,6261000,1120000,None,None,None,0,0,0,5800000,-1049000,0,8448000,8448000,None,USD,450254000,12057000,None,16259000,178519000,271735000,0,16313000,55897000,220836000,34269000,12057000,88950000,88379000,99296000,514000,341000,-13339000,201470000,159834000,69202000,259678000,0,13185000,43561000,42011000,98782000,0,0,55897000,0,234175000,-4998000,None,7691000,None,290420000,None,43561000,35662000,79223000,None,None,None,None,450254000,88379000,None,14000000,USD,-448000,8861000,-6616000,19000,-235000,-2603000,28000,-209000,8448000,8201000,17420000,-4546000,6261000,-3158000,762000,1628000,0,1226000,6187000,-4458000,None,8201000,31.64,29.9
16,2016-04-30,USD,387905000,96673000,281167000,106738000,10724000,5882000,0,0,9602000,0,90851000,659000,10065000,5822000,1122000,None,None,None,0,0,0,3720000,0,0,5882000,5882000,None,USD,435801000,12057000,None,14145000,166978000,268823000,0,15656000,54679000,228885000,31165000,12057000,88747000,80178000,92040000,503000,503000,-9346000,200836000,146218000,68754000,256766000,0,8727000,43773000,43168000,91537000,0,0,54679000,0,228885000,-5395000,None,7936000,None,289583000,None,43773000,31165000,74938000,None,None,None,None,435801000,80178000,None,18000000,USD,-444000,-4774000,-3670000,900000,-224000,-3860000,None,4239000,5882000,410000,7940000,4239000,5822000,-3148000,-488000,111000,4104000,406000,3226000,-3746000,None,410000,24.4,31.64
17,2016-01-31,USD,420170000,101303000,307444000,112726000,11988000,6284000,0,0,10863000,0,95243000,565000,11423000,6060000,1125000,None,None,None,0,0,0,4579000,0,0,6284000,6284000,None,USD,443235000,12057000,None,17915000,184416000,258819000,0,14340000,53881000,226151000,42115000,12057000,92267000,79768000,98324000,491000,None,-16306000,203141000,147827000,68310000,246762000,0,6765000,43977000,43379000,97833000,0,0,53881000,0,226151000,-4907000,None,11900000,None,295408000,None,43977000,42115000,86092000,None,None,None,None,443235000,79768000,None,18000000,USD,-422000,3267000,-5652000,900000,-943000,-4056000,None,None,6284000,23618000,33326000,461000,6060000,-3164000,51000,3352000,7850000,1499000,5230000,12403000,None,23618000,26.26,24.4
18,2015-10-31,USD,389529000,97296000,284042000,105487000,8754000,4430000,0,0,7626000,0,91338000,563000,8191000,5958000,1128000,None,None,None,0,0,0,3196000,0,0,4430000,4430000,None,USD,434546000,12057000,None,16786000,179979000,254567000,0,13187000,53059000,223031000,41330000,12057000,92968000,56150000,94452000,480000,None,-16590000,203866000,137712000,67888000,242510000,0,17945000,44197000,46831000,93972000,0,0,53059000,0,223031000,-4933000,None,13023000,None,296834000,None,44197000,41330000,85527000,None,None,None,None,434546000,56150000,None,14000000,USD,None,2121000,-4428000,900000,-223000,-3877000,None,None,4430000,-2890000,5415000,-1205000,5958000,-3164000,-490000,-1159000,0,-177000,5328000,-4553000,None,-2890000,25.06,26.26
19,2015-07-31,USD,405754000,99704000,293666000,112088000,12953000,6932000,0,0,11823000,0,93947000,569000,12384000,5757000,1130000,None,None,None,0,0,0,4891000,-2136000,0,6932000,6932000,None,USD,433902000,12057000,None,14351000,148903000,252767000,0,17130000,52319000,221765000,40546000,12057000,91397000,59040000,96164000,469000,430000,-16874000,206594000,135911000,67171000,272942000,0,16748000,44425000,45772000,127927000,0,0,52319000,0,221765000,-4443000,None,12169000,None,297991000,None,44425000,8314000,52739000,None,None,None,None,433902000,59040000,None,14000000,USD,-823000,5902000,-6253000,-823000,-227000,-3230000,162000,-1832000,6932000,461000,9944000,-4517000,5757000,-3165000,0,-44000,92000,-284000,6253000,-3802000,None,461000,28.68,25.06
