,fiscalDateEnding,reportedCurrency_x,totalRevenue,totalOperatingExpense,costOfRevenue,grossProfit,ebit,netIncome_x,researchAndDevelopment,effectOfAccountingCharges,incomeBeforeTax,minorityInterest,sellingGeneralAdministrative,otherNonOperatingIncome,operatingIncome,otherOperatingExpense,interestExpense,taxProvision,interestIncome,netInterestIncome,extraordinaryItems,nonRecurring,otherItems,incomeTaxExpense,totalOtherIncomeExpense,discontinuedOperations,netIncomeFromContinuingOperations,netIncomeApplicableToCommonShares,preferredStockAndOtherAdjustments,reportedCurrency_y,totalAssets,intangibleAssets,earningAssets,otherCurrentAssets,totalLiabilities,totalShareholderEquity,deferredLongTermLiabilities,otherCurrentLiabilities,commonStock,retainedEarnings,otherLiabilities,goodwill,otherAssets,cash,totalCurrentLiabilities,shortTermDebt,currentLongTermDebt,otherShareholderEquity,propertyPlantEquipment,totalCurrentAssets,longTermInvestments,netTangibleAssets,shortTermInvestments,netReceivables,longTermDebt,inventory,accountsPayable,totalPermanentEquity,additionalPaidInCapital,commonStockTotalEquity,preferredStockTotalEquity,retainedEarningsTotalEquity,treasuryStock,accumulatedAmortization,otherNonCurrrentAssets,deferredLongTermAssetCharges,totalNonCurrentAssets,capitalLeaseObligations,totalLongTermDebt,otherNonCurrentLiabilities,totalNonCurrentLiabilities,negativeGoodwill,warrants,preferredStockRedeemable,capitalSurplus,liabilitiesAndShareholderEquity,cashAndShortTermInvestments,accumulatedDepreciation,commonStockSharesOutstanding,reportedCurrency,investments,changeInLiabilities,cashflowFromInvestment,otherCashflowFromInvestment,netBorrowings,cashflowFromFinancing,otherCashflowFromFinancing,changeInOperatingActivities,netIncome_y,changeInCash,operatingCashflow,otherOperatingCashflow,depreciation,dividendPayout,stockSaleAndPurchase,changeInInventory,changeInAccountReceivables,changeInNetIncome,capitalExpenditures,changeInReceivables,changeInExchangeRate,changeInCashAndCashEquivalents,clossingVal,nextClossingVal
0,2020-07-31,USD,None,None,None,None,None,None,None,None,None,14000000,None,None,None,None,None,None,None,None,None,None,None,-11600000,None,None,None,-28300000,None,USD,None,None,None,None,None,None,None,None,400000,42600000,34700000,None,35400000,None,None,None,None,-3100000,175100000,None,None,105700000,None,None,None,None,None,None,None,None,None,None,None,None,None,None,None,None,None,None,None,None,None,None,None,None,None,None,None,USD,None,-1600000,-5900000,None,86700000,None,-19700000,8300000,None,None,1100000,None,None,None,None,None,None,11400000,0,None,None,None,15.68,
1,2020-06-30,USD,171200000,195300000,144900000,26300000,-22800000,-28300000,19000000,None,-39800000,14000000,31400000,None,-24100000,None,6900000,-11600000,0,-6900000,None,None,None,-11600000,-8800000,None,-28200000,-28300000,None,USD,1121700000,70600000,None,None,651400000,467100000,None,None,400000,42600000,34700000,290800000,35400000,87400000,191900000,None,27600000,-3100000,175100000,498900000,50900000,105700000,None,109700000,389500000,283200000,79800000,None,None,None,None,None,None,None,29100000,None,622800000,29700000,None,35100000,459500000,None,None,None,None,None,None,None,None,USD,-5900000,-1600000,-5900000,None,86700000,68800000,-19700000,8300000,-28300000,63200000,1100000,None,10100000,None,None,-15900000,16900000,11400000,5300000,None,None,None,15.15,15.68
2,2020-04-30,USD,171200000,195300000,144900000,26300000,-22800000,-28300000,19000000,None,-39800000,13700000,31400000,None,-24100000,None,6900000,-11600000,0,-6900000,None,None,None,700000,-8800000,None,-28200000,-1900000,None,USD,None,None,None,None,None,None,None,None,400000,70900000,41900000,None,30300000,None,None,None,None,300000,175100000,None,None,82800000,None,None,None,None,None,None,None,None,None,None,None,None,None,None,None,None,None,None,None,None,None,None,None,None,None,None,None,USD,-5900000,7600000,-6700000,None,1800000,68800000,-500000,-3900000,-28300000,63200000,1100000,None,10100000,None,None,-15900000,16900000,5700000,5300000,None,None,None,26.13,15.15
3,2020-04-03,USD,197000000,195600000,139400000,57600000,14100000,-1900000,20900000,None,-1100000,13700000,35300000,None,1400000,None,4600000,700000,100000,-4500000,None,None,None,700000,2000000,None,-1800000,-1900000,None,USD,1082000000,77500000,None,None,627700000,451100000,None,None,400000,70900000,41900000,290800000,30300000,24200000,198100000,None,30200000,300000,175100000,454000000,54300000,82800000,None,126700000,352800000,282200000,78900000,None,None,None,None,None,None,None,30300000,None,628000000,29000000,353200000,34000000,429600000,None,None,None,379500000,None,24200000,None,39000000,USD,-6700000,7600000,-6700000,-3100000,1800000,-100000,-500000,-3900000,-1900000,-5800000,900000,None,10600000,None,1500000,-13100000,-3800000,5700000,6100000,None,None,None,20.73,26.13
4,2020-03-31,USD,197000000,195600000,139400000,57600000,14100000,-1900000,20900000,None,-1100000,13700000,35300000,None,1400000,None,4600000,700000,100000,-4500000,None,None,None,700000,2000000,None,-1800000,-1900000,None,USD,1082000000,77500000,None,None,627700000,451100000,None,None,400000,70900000,41900000,290800000,30300000,24200000,198100000,None,30200000,300000,175100000,454000000,54300000,82800000,None,126700000,352800000,282200000,78900000,None,None,None,None,None,None,None,30300000,None,628000000,29000000,None,34000000,429600000,None,None,None,None,None,None,None,None,USD,-6700000,7600000,-6700000,None,1800000,-100000,-500000,-3900000,-1900000,-5800000,900000,None,10600000,None,None,-13100000,-3800000,5700000,6100000,None,None,None,22.71,20.73
5,2020-01-31,USD,197000000,195600000,139400000,57600000,14100000,-1900000,20900000,None,-1100000,14000000,35300000,None,1400000,None,4600000,700000,100000,-4500000,None,None,None,None,2000000,None,-1800000,-1300000,None,USD,None,None,None,None,None,None,None,None,400000,72500000,44900000,None,29400000,None,None,None,None,-2600000,171300000,None,None,75300000,None,None,None,None,None,None,None,None,None,None,None,None,None,None,None,None,None,None,None,None,None,None,None,None,None,None,None,USD,-6700000,14600000,-10600000,None,-14800000,-100000,-100000,-1100000,-1900000,-5800000,900000,None,10600000,None,None,-13100000,-3800000,3400000,6100000,None,None,None,27.65,22.71
6,2020-01-03,USD,200100000,195500000,139000000,61100000,13900000,-1300000,21700000,None,-1200000,14000000,34800000,None,4600000,None,5400000,0,None,-5400000,None,None,None,None,-400000,None,-1200000,-1300000,None,USD,1068400000,81800000,None,1300000,617200000,447900000,None,9700000,400000,72500000,44900000,290800000,29400000,30000000,190900000,30400000,30400000,-2600000,171300000,440200000,54900000,75300000,None,122900000,350900000,269100000,73200000,None,None,None,None,None,None,None,29400000,None,628200000,25900000,351300000,36600000,426300000,None,None,None,377600000,None,30000000,None,39000000,USD,-10600000,14600000,-10600000,-2500000,-14800000,-12000000,-100000,-1100000,-1300000,100000,23000000,None,9700000,None,1100000,-21100000,18500000,3400000,8100000,None,None,None,30.0,27.65
7,2019-12-31,USD,200100000,195500000,139000000,61100000,13900000,-1300000,21700000,None,-1200000,14000000,34800000,None,4600000,None,5400000,0,None,-5400000,None,None,None,None,-400000,None,-1200000,-1300000,None,USD,1068400000,81800000,None,None,617200000,447900000,None,None,400000,72500000,44900000,290800000,29400000,30000000,190900000,None,30400000,-2600000,171300000,440200000,54900000,75300000,None,122900000,350900000,269100000,73200000,None,None,None,None,None,None,None,29400000,None,628200000,25900000,None,36600000,426300000,None,None,None,None,None,None,None,None,USD,-10600000,14600000,-10600000,None,-14800000,-12000000,-100000,-1100000,-1300000,100000,23000000,None,9700000,None,None,-21100000,18500000,3400000,8100000,None,None,None,29.81,30.0
8,2019-09-30,USD,202400000,181400000,130800000,71600000,24700000,8100000,19600000,None,10200000,13800000,31000000,None,21000000,None,5400000,2000000,0,-5400000,None,None,None,2000000,-5400000,None,8200000,8100000,None,USD,1038900000,86300000,None,None,590700000,444900000,None,45100000,400000,74400000,40700000,290800000,27500000,29900000,175100000,30700000,30700000,-1700000,142300000,438400000,53600000,67800000,None,141000000,364400000,248200000,58200000,None,None,None,None,None,None,None,27500000,None,600500000,None,364400000,23100000,415600000,None,None,None,371800000,None,29900000,None,39000000,USD,-6800000,-8000000,-6800000,-73400000,-14900000,-14800000,-500000,11000000,8100000,1300000,22900000,None,9100000,None,800000,15100000,-10300000,1800000,6500000,None,None,None,28.54,29.81
9,2019-07-31,USD,202400000,181400000,130800000,71600000,24700000,8100000,19600000,None,10200000,13800000,31000000,None,21000000,None,5400000,2000000,0,-5400000,None,None,None,2000000,-5400000,None,8200000,8100000,None,USD,None,None,None,None,None,None,None,None,400000,74400000,40700000,None,27500000,None,None,None,None,-1700000,142300000,None,None,67800000,None,None,None,None,None,None,None,None,None,None,None,None,None,None,None,None,None,None,None,None,None,None,None,None,None,None,None,USD,-6800000,-8000000,-6800000,None,-14900000,-14800000,-500000,11000000,8100000,1300000,22900000,None,9100000,None,None,15100000,-10300000,1800000,6500000,None,None,None,31.79,28.54
10,2019-06-30,USD,196700000,192100000,136000000,60700000,13200000,-1400000,20900000,None,-600000,14200000,35200000,None,4600000,None,5100000,700000,0,-5100000,None,None,None,700000,-100000,None,-1300000,-1400000,None,USD,1043700000,90700000,None,None,606000000,434400000,None,13800000,400000,66300000,44100000,290100000,28800000,28500000,171200000,30200000,30200000,-400000,138600000,441400000,54100000,53600000,None,131100000,379400000,263400000,61300000,None,None,None,None,None,None,None,28800000,None,602300000,None,379400000,28800000,434800000,None,None,None,368100000,None,28500000,None,38000000,USD,-78800000,-1600000,-78800000,-73100000,58300000,60300000,-500000,6100000,-1400000,-2500000,16100000,None,8700000,None,200000,200000,-4300000,7800000,5700000,None,None,None,30.65,31.79
11,2019-03-31,USD,195800000,181300000,131400000,64400000,21200000,5800000,18800000,None,7800000,12700000,31100000,None,14500000,None,5500000,1900000,100000,-5400000,None,None,None,1900000,-1300000,None,5900000,5800000,None,USD,965600000,65800000,None,None,530400000,433300000,None,12900000,400000,67700000,46600000,243600000,28500000,31000000,156300000,29400000,29400000,2100000,137100000,437300000,52000000,123900000,None,124500000,316700000,261200000,62300000,None,None,None,None,None,None,None,29800000,None,528300000,None,316700000,27600000,374100000,None,None,None,363100000,None,31000000,None,39000000,USD,-4200000,-2700000,-4200000,None,-30000000,-32500000,-500000,-8700000,5800000,-24000000,12900000,None,7900000,None,100000,-4400000,8800000,5600000,4200000,None,None,None,33.88,30.65
12,2018-12-28,USD,185700000,175300000,125700000,60000000,10400000,3000000,18800000,None,4100000,12800000,30800000,None,10400000,1200000,-5100000,1100000,None,None,None,None,None,1100000,-6300000,None,3000000,3000000,None,USD,1000900000,70100000,None,None,560800000,427300000,None,14000000,400000,61300000,47400000,243600000,27900000,55100000,165500000,27500000,27500000,3500000,138300000,465700000,55300000,113600000,None,133400000,347900000,256700000,65700000,None,None,None,None,None,None,None,None,None,None,None,347900000,None,None,None,None,None,362100000,None,55100000,None,38000000,USD,-3600000,-1900000,-3400000,None,-15000000,-13100000,-500000,6800000,3000000,3100000,20000000,None,13500000,None,None,-22000000,20600000,-600000,3400000,None,None,None,23.63,33.88
13,2018-09-28,USD,204800000,190500000,138300000,66500000,14300000,23700000,20700000,0,200000,13200000,31500000,None,14300000,-1200000,-5200000,None,None,None,0,0,0,-200000,-14100000,0,3000000,3000000,None,USD,987900000,73800000,None,17100000,548500000,426200000,0,21900000,400000,62400000,31700000,243600000,11000000,51900000,152000000,25000000,25000000,5800000,144900000,458100000,56500000,108800000,0,154000000,364800000,235100000,68600000,428300000,357600000,400000,0,62400000,0,None,None,None,None,None,None,None,None,None,None,None,None,None,None,None,38000000,USD,-3600000,10200000,-10500000,-600000,-10000000,-8900000,800000,-4000000,0,-900000,18500000,None,9500000,0,0,7300000,-23500000,18400000,5100000,None,None,None,28.66,23.63
14,2018-06-29,USD,191200000,176800000,128200000,63000000,14400000,3800000,20500000,0,2600000,11100000,28100000,None,14400000,0,-5400000,None,None,None,0,0,0,-1300000,-11800000,0,3900000,3800000,None,USD,976800000,75900000,None,15500000,542500000,423200000,0,10600000,400000,62600000,24700000,242200000,10700000,52800000,140700000,22500000,22500000,5500000,146100000,444000000,57900000,105100000,0,131700000,377100000,244000000,54900000,0,0,0,0,0,0,None,None,None,None,None,None,None,None,None,None,None,None,None,None,None,38000000,USD,None,5000000,-8400000,-600000,-18000000,-14800000,800000,500000,3800000,-2600000,21300000,None,9600000,0,0,1300000,-1900000,2400000,8400000,None,None,None,37.09,28.66
15,2018-03-30,USD,201200000,182300000,131100000,70100000,18900000,12200000,22000000,0,15700000,11700000,29200000,None,18900000,1200000,-5600000,None,None,None,0,0,0,3400000,-3200000,0,12300000,12200000,None,USD,985900000,82900000,None,15800000,561600000,412600000,0,10000000,400000,58700000,27500000,242200000,12200000,55400000,137000000,20000000,20000000,4700000,146300000,445700000,56600000,87500000,0,129200000,397100000,245300000,53500000,0,0,0,0,0,0,None,None,None,None,None,None,None,None,None,None,None,None,None,None,None,38000000,USD,None,-8600000,-4300000,-600000,-38000000,-39900000,800000,-5800000,12200000,-38700000,5400000,None,9800000,0,0,-1400000,800000,-2300000,4300000,None,None,None,35.78,37.09
16,2017-12-29,USD,176200000,162600000,105600000,61500000,13600000,11300000,19700000,0,7100000,100000,47500000,None,14000000,0,5500000,None,None,None,0,0,0,-4300000,-6500000,0,11400000,11300000,None,USD,1020100000,329000000,None,14500000,611200000,397500000,0,70500000,400000,49000000,7800000,241900000,392100000,94100000,148800000,20000000,20000000,2600000,144100000,483900000,53400000,68500000,0,130000000,434500000,245300000,58300000,0,0,0,0,0,0,None,None,None,None,None,None,None,None,None,None,None,None,None,None,None,38000000,USD,None,1000000,-2600000,-600000,-30000000,-26800000,800000,1100000,11300000,10800000,40100000,None,9100000,0,0,-9600000,33600000,-7000000,2600000,None,None,None,40.17,35.78
17,2017-09-29,USD,215700000,719700000,124800000,194100000,117900000,14800000,21900000,0,18200000,200000,49300000,None,31000000,0,6500000,None,None,None,0,0,0,3200000,-14600000,0,71300000,14800000,None,USD,1040100000,333200000,None,13900000,649900000,379000000,0,59700000,400000,35900000,4700000,241900000,396500000,83300000,151800000,20000000,20000000,800000,148300000,495300000,53900000,45800000,0,163600000,463900000,234500000,58900000,379000000,342700000,400000,0,35100000,0,None,None,None,None,None,None,None,None,None,None,None,None,None,None,None,38000000,USD,None,3300000,-292000000,-600000,494000000,263300000,-4500000,17400000,14800000,46800000,74600000,None,27400000,-227100000,0,-4200000,-23100000,400000,20200000,None,None,None,33.84,40.17
