,fiscalDateEnding,reportedCurrency_x,totalRevenue,totalOperatingExpense,costOfRevenue,grossProfit,ebit,netIncome_x,researchAndDevelopment,effectOfAccountingCharges,incomeBeforeTax,minorityInterest,sellingGeneralAdministrative,otherNonOperatingIncome,operatingIncome,otherOperatingExpense,interestExpense,taxProvision,interestIncome,netInterestIncome,extraordinaryItems,nonRecurring,otherItems,incomeTaxExpense,totalOtherIncomeExpense,discontinuedOperations,netIncomeFromContinuingOperations,netIncomeApplicableToCommonShares,preferredStockAndOtherAdjustments,reportedCurrency_y,totalAssets,intangibleAssets,earningAssets,otherCurrentAssets,totalLiabilities,totalShareholderEquity,deferredLongTermLiabilities,otherCurrentLiabilities,commonStock,retainedEarnings,otherLiabilities,goodwill,otherAssets,cash,totalCurrentLiabilities,shortTermDebt,currentLongTermDebt,otherShareholderEquity,propertyPlantEquipment,totalCurrentAssets,longTermInvestments,netTangibleAssets,shortTermInvestments,netReceivables,longTermDebt,inventory,accountsPayable,totalPermanentEquity,additionalPaidInCapital,commonStockTotalEquity,preferredStockTotalEquity,retainedEarningsTotalEquity,treasuryStock,accumulatedAmortization,otherNonCurrrentAssets,deferredLongTermAssetCharges,totalNonCurrentAssets,capitalLeaseObligations,totalLongTermDebt,otherNonCurrentLiabilities,totalNonCurrentLiabilities,negativeGoodwill,warrants,preferredStockRedeemable,capitalSurplus,liabilitiesAndShareholderEquity,cashAndShortTermInvestments,accumulatedDepreciation,commonStockSharesOutstanding,reportedCurrency,investments,changeInLiabilities,cashflowFromInvestment,otherCashflowFromInvestment,netBorrowings,cashflowFromFinancing,otherCashflowFromFinancing,changeInOperatingActivities,netIncome_y,changeInCash,operatingCashflow,otherOperatingCashflow,depreciation,dividendPayout,stockSaleAndPurchase,changeInInventory,changeInAccountReceivables,changeInNetIncome,capitalExpenditures,changeInReceivables,changeInExchangeRate,changeInCashAndCashEquivalents,clossingVal,nextClossingVal
0,2020-06-30,USD,314365000,63977000,43608000,270757000,214183000,152479000,18202000,None,191648000,None,45775000,7403000,206780000,None,22535000,39169000,2274000,-20261000,None,None,None,39169000,5129000,None,152479000,152479000,None,USD,1820126000,None,None,55075000,3220450000,-1400324000,281649000,782661000,14592929000,-15990895000,408539000,52527000,257433000,306701000,1018332000,None,None,-2358000,250290000,1249648000,None,-1452851000,887872000,5338000,1788824000,None,235671000,None,None,14592929000,None,-15990895000,None,None,267661000,None,570478000,4755000,1788824000,131645000,2202118000,None,None,None,None,1820126000,1194573000,None,115011000,USD,-247727000,60828000,-253452000,5153000,None,-154203000,None,-10174000,152479000,-192343000,215312000,-10174000,9517000,None,-154203000,None,None,2662000,10878000,None,None,-192343000,206.83,
1,2020-03-31,USD,312524000,60687000,45573000,266951000,213348000,334116000,17358000,None,190813000,None,43329000,7084000,206264000,None,22535000,-143303000,4421000,-18114000,None,None,None,-143303000,2663000,None,334116000,334116000,None,USD,1753861000,None,None,46863000,3162975000,-1409114000,281030000,775657000,14734618000,-16143374000,414888000,52527000,259430000,498693000,955672000,None,None,-358000,247764000,1185495000,None,-1461641000,639939000,5047000,1788194000,None,180015000,None,None,14734618000,None,-16143374000,None,None,268075000,None,568366000,4221000,1788194000,138079000,2207303000,None,None,None,None,1753861000,1138632000,None,115701000,USD,75241000,-4602000,79084000,14856000,None,-267327000,None,28000,334116000,-8183000,180060000,28000,8229000,None,-267327000,None,None,-157711000,11013000,None,None,-8183000,180.09,206.83
2,2019-12-31,USD,310543000,65523000,46454000,264089000,207689000,148325000,15101000,None,184977000,None,50422000,9123000,198566000,None,22712000,36652000,5551000,-17161000,None,None,None,36652000,3572000,None,148325000,148325000,None,USD,1854009000,None,None,60530000,3344109000,-1490100000,278702000,755178000,353000,-16477490000,586814000,52527000,263477000,508196000,965166000,None,None,-2621000,250283000,1278589000,None,-1542627000,709863000,1524000,1787565000,None,209988000,None,None,353000,None,-16477490000,None,None,184812000,87798000,575420000,None,1787565000,312676000,2378943000,None,None,None,14989658000,1854009000,1218059000,None,116716000,USD,415182000,-17477000,405022000,-1342000,None,-199970000,-872000,8844000,148325000,398650000,193598000,8844000,22274000,None,-199098000,None,None,-16308000,8818000,None,-179000,398714000,192.68,180.09
3,2019-09-30,USD,308421000,58362000,44443000,263978000,216114000,153913000,14619000,None,193481000,None,43743000,10498000,205616000,None,22633000,39568000,6457000,-16176000,None,None,None,39568000,4041000,None,153913000,153913000,None,USD,1886730000,None,None,68135000,3338649000,-1451919000,281735000,760517000,353000,-16625815000,585499000,52527000,275510000,109288000,960878000,None,None,-2419000,250159000,1298146000,None,-1504446000,1120723000,4142000,1786935000,None,200361000,None,None,353000,None,-16625815000,None,None,185334000,100564000,588584000,10318000,1786935000,309101000,2377771000,None,None,None,15175962000,1886730000,1230011000,None,117705000,USD,-642361000,24947000,-655889000,-2219000,None,-194054000,-872000,-1869000,153913000,-641824000,208119000,-1869000,6851000,None,-194054000,None,None,24277000,11309000,None,None,-642067000,188.63,192.68
4,2019-06-30,USD,306289000,60530000,44066000,262223000,213129000,147534000,14953000,None,190494000,None,45577000,11436000,201693000,None,22635000,42960000,7228000,-15407000,None,None,None,42960000,4208000,None,147534000,147534000,None,USD,1889898000,None,None,70440000,3315065000,-1425167000,286143000,763466000,353000,-16779728000,588835000,52527000,276357000,751580000,934681000,3880000,3880000,-2727000,250820000,1295382000,None,-1477694000,473362000,5257000,1786306000,None,171215000,None,None,353000,None,-16779728000,None,None,181252000,109917000,594516000,9123000,1786306000,307935000,2380384000,None,None,None,15356935000,1889898000,1224942000,None,118548000,USD,1780000,-5104000,-12629000,-3353000,None,-180230000,-872000,-10028000,147534000,-28014000,164845000,-10028000,9466000,None,-180230000,None,None,22977000,11056000,None,-12000,-28026000,209.16,188.63
5,2019-03-31,USD,306408000,60652000,45504000,260904000,212455000,162527000,16132000,None,189824000,None,44520000,12203000,200252000,None,22631000,27297000,7360000,-15271000,-249000000,None,None,27297000,4843000,None,162527000,162527000,None,USD,1919676000,None,None,62277000,3325805000,-1406129000,289730000,757284000,353000,-16927262000,593917000,52527000,291530000,779625000,941280000,3183000,3183000,-2762000,252237000,1315267000,None,-1458656000,473365000,5995000,1785676000,None,183996000,None,None,353000,None,-16927262000,None,None,179453000,120192000,604409000,8115000,1785676000,309119000,2384525000,None,None,None,15523542000,1919676000,1252990000,None,119391000,USD,442782000,-2390000,430691000,-2958000,None,-196049000,-872000,-226000,162527000,421972000,187330000,-226000,7739000,None,-196049000,None,None,19680000,9133000,None,255000,422227000,181.56,209.16
6,2018-12-31,USD,307452000,65118000,48368000,259084000,256536000,182195000,15042000,0,233902000,0,50076000,62570000,193966000,0,22634000,None,None,None,-5686000,0,0,51707000,39936000,0,182195000,182195000,None,USD,1914504000,None,None,47365000,3299978000,-1385474000,285854000,732382000,352000,-17089789000,567341000,52527000,291038000,357415000,947590000,None,None,-2811000,253905000,1317034000,None,-1438001000,912254000,10480000,1785047000,None,215208000,None,None,352000,None,-17089789000,None,None,186046000,104992000,597470000,None,1785047000,281487000,2352388000,None,None,None,15706774000,1914504000,1269669000,None,120037000,USD,40853000,2504000,85683000,52240000,-1250009000,-178349000,None,7958000,182195000,125834000,218500000,7958000,18235000,None,-178349000,None,None,-7888000,7410000,None,27000,125861000,148.29,181.56
7,2018-09-30,USD,305777000,62531000,48249000,257528000,200932000,137680000,13712000,0,178301000,0,48819000,5935000,194997000,0,22631000,None,None,None,0,0,0,40621000,-16696000,0,137680000,137680000,None,USD,1884628000,52527000,None,57016000,3285729000,-1401101000,286735000,737515000,352000,-17271984000,587676000,52527000,339850000,231571000,913636000,None,None,-3003000,256269000,1235982000,None,-1453628000,947395000,12069000,1784417000,0,176121000,0,0,352000,0,-17271984000,0,None,172078000,167772000,648646000,None,1784417000,300941000,2372093000,None,None,None,15873534000,1884628000,1178966000,None,121158000,USD,-27769000,-11038000,-38697000,-2958000,None,-173181000,None,688000,137680000,-24417000,187461000,688000,7904000,0,-173181000,0,0,52227000,10928000,None,-395000,-24812000,160.12,148.29
8,2018-06-30,USD,302452000,62077000,47365000,255087000,193670000,128351000,13755000,0,164878000,0,48322000,660000,193010000,0,28792000,None,None,None,0,0,0,36527000,-28132000,0,128351000,128351000,None,USD,1911585000,52527000,None,57640000,3292574000,-1380989000,288996000,737706000,352000,-17409664000,587559000,52527000,374079000,256396000,921227000,1783788000,1783788000,-2681000,256064000,1228915000,None,-1433516000,914879000,10488000,1783788000,0,183521000,0,0,352000,0,-17409664000,0,None,172179000,201900000,682670000,None,1783788000,298563000,2371347000,None,None,None,16031004000,1911585000,1171275000,None,122189000,USD,-258501000,15555000,-269508000,-2958000,-1250009000,-1378865000,None,-6618000,128351000,-1446556000,201817000,-6618000,10321000,0,-128856000,0,0,54208000,11007000,None,-757000,-1447313000,137.42,160.12
9,2018-03-31,USD,299288000,65717000,48152000,251136000,193223000,134263000,15375000,0,152435000,0,50342000,7804000,185419000,0,40788000,None,None,None,0,0,0,18172000,-32984000,0,134263000,134263000,None,USD,2905323000,52527000,None,52066000,4140057000,-1234734000,504370000,736555000,326000,-17538015000,593552000,52527000,239259000,1703722000,1548946000,630824000,630824000,-2698000,257536000,2408528000,None,-1287261000,652740000,10113000,1783159000,0,181567000,0,0,326000,0,-17538015000,0,None,171307000,15425000,496795000,None,1783159000,303582000,2591111000,None,None,None,16305653000,2905323000,2356462000,None,97005000,USD,1300474000,-9151000,1292652000,-160000,-1250009000,-144930000,None,-987000,134263000,1237711000,89989000,-987000,11907000,0,-144930000,0,0,-46043000,7662000,None,167000,1237878000,118.56,137.42
10,2017-12-31,USD,295501000,573188000,35467000,971769000,700011000,102837000,12773000,0,142047000,0,71389000,None,176432000,0,40467000,None,None,None,0,0,0,39210000,-114951000,0,472137000,102837000,None,USD,2941188000,52527000,None,31402000,4201459000,-1260271000,730205000,713309000,325000,-17694790000,414294000,52527000,231522000,465851000,1560528000,627616000,627616000,-2941000,263513000,2446153000,None,-1312798000,1948900000,11458000,1782529000,0,219603000,0,0,325000,0,-17694790000,0,None,163603000,15392000,495035000,None,1782529000,128197000,2640931000,None,None,None,16437135000,2941188000,2414751000,None,97591000,USD,135439000,-7783000,126543000,-6000,543185000,-146883000,None,13775000,102837000,178853000,199193000,9209000,1386000,0,-146883000,0,0,-19926000,8890000,None,176000,179029000,114.44,118.56
11,2017-09-30,USD,292428000,64036000,47333000,245095000,187300000,114899000,12715000,0,149544000,0,51321000,6241000,181059000,0,37756000,None,None,None,0,0,0,34645000,-7761000,0,114899000,114899000,None,USD,2908363000,52527000,None,40293000,4138301000,-1229938000,690621000,717586000,325000,-17797627000,419508000,52527000,237037000,286822000,1535522000,624474000,624474000,-3154000,265306000,2406020000,None,-1282465000,2078905000,16610000,1781912000,0,193462000,0,0,325000,0,-17797627000,0,None,164052000,20458000,502343000,None,1781912000,130246000,2602779000,None,None,None,16570518000,2908363000,2365727000,None,98865000,USD,-508322000,19586000,-529963000,-6000,543185000,399572000,None,-3744000,114899000,44280000,174671000,-3744000,16272000,0,-143613000,0,0,27658000,21635000,None,116000,44396000,106.39,114.44
12,2017-06-30,USD,288552000,65948000,47644000,240908000,188962000,123100000,13510000,0,159872000,0,52438000,14002000,174960000,0,29090000,None,None,None,0,0,0,36772000,12701000,0,123100000,123100000,None,USD,2344251000,52527000,None,35647000,3547409000,-1203158000,673836000,715981000,325000,-17900069000,404650000,52527000,238291000,242426000,1523139000,628908000,1867015000,-2890000,261870000,1844090000,None,-1255685000,1566017000,13454000,1238107000,0,178250000,0,0,325000,0,-17900069000,0,None,165118000,20646000,500161000,None,1238107000,112327000,2024270000,None,None,None,16699476000,2344251000,1808443000,None,100210000,USD,-231126000,26880000,-240430000,16000,543185000,-152711000,None,-5886000,123100000,-212430000,180711000,-5886000,15625000,0,-152711000,0,0,20992000,9320000,None,264000,-212166000,92.96,106.39
13,2017-03-31,USD,288614000,62674000,50669000,237945000,176572000,116412000,13344000,0,147549000,0,49330000,1301000,175271000,0,29023000,None,None,None,0,0,0,31137000,1301000,0,116412000,116412000,None,USD,2315519000,52527000,None,30852000,3503268000,-1187749000,653027000,718488000,325000,-18023169000,407096000,52527000,235943000,454592000,1499387000,625893000,625893000,-3107000,262352000,1817224000,None,-1240276000,1331780000,13316000,1237648000,0,155006000,0,0,325000,0,-18023169000,0,None,163152000,20264000,498295000,None,1237648000,113206000,2003881000,None,None,None,16838202000,2315519000,1786372000,None,101843000,USD,236336000,-23200000,238774000,12092000,543185000,-165051000,None,34971000,116412000,221909000,148186000,14196000,16595000,0,-165051000,0,0,24183000,9654000,None,738000,222647000,87.11,92.96
14,2016-12-31,USD,286271000,455595000,35047000,943925000,864486000,105552000,13745000,0,141853000,0,68409000,None,168762000,0,28982000,None,None,None,0,0,0,36301000,-108661000,0,552638000,105552000,None,USD,2334572000,52527000,None,31384000,3535167000,-1200595000,658857000,688265000,324000,-18184954000,404596000,52527000,226105000,231945000,1521949000,629764000,629764000,-3453000,266125000,1842342000,None,-1253122000,1565962000,13051000,1237189000,0,203920000,0,0,324000,0,-18184954000,0,None,164193000,9385000,492230000,None,1237189000,117172000,2013218000,None,None,None,16987488000,2334572000,1797907000,None,110072000,USD,14886000,43406000,10363000,2162000,543185000,-151065000,9492000,8109000,105552000,54770000,195472000,-8834000,17493000,0,-160557000,0,871000,35190000,6685000,2665000,-610000,54160000,76.07,87.11
15,2016-09-30,USD,287554000,62971000,49807000,237747000,178038000,114427000,14324000,0,149119000,0,48647000,3262000,174776000,0,28919000,None,None,None,0,0,0,34692000,1553000,0,114427000,114427000,None,USD,2297979000,52527000,None,21490000,3467217000,-1169238000,631393000,693598000,324000,-18290506000,403881000,52527000,232846000,177785000,1482426000,626862000,626862000,-2685000,270165000,1794968000,None,-1221765000,1579926000,15767000,1236731000,0,161966000,0,0,324000,0,-18290506000,0,None,167500000,12819000,503011000,None,1236731000,116667000,1984791000,None,None,None,17123629000,2297979000,1757711000,None,105095000,USD,157212000,13492000,7746000,-143035000,None,-169255000,2858000,25540000,114427000,6677000,168186000,2384000,18078000,0,-172113000,0,3536000,20543000,6431000,-738000,142000,6819000,78.24,76.07
16,2016-06-30,USD,286466000,61446000,48753000,237713000,177976000,113210000,14288000,0,149117000,0,47158000,1709000,176267000,0,28859000,None,None,None,0,0,0,35907000,-1412000,0,113210000,113210000,None,USD,2314173000,52527000,None,22573000,3441503000,-1127330000,614344000,699456000,324000,-18404933000,402994000,52527000,91576000,170966000,1476125000,632308000,632308000,-2189000,277942000,1944655000,None,-1179857000,1736030000,15086000,1236272000,0,144361000,0,0,324000,0,-18404933000,0,None,25844000,13205000,369518000,None,1236272000,114762000,1965378000,None,None,None,17279468000,2314173000,1906996000,None,107180000,USD,-72035000,-1768000,-78205000,206000,None,-145185000,6690000,30247000,113210000,-62725000,160665000,8906000,17873000,0,-151875000,0,2798000,21463000,6376000,981000,-334000,-63059000,86.46,78.24
17,2016-03-31,USD,281876000,64527000,50582000,231294000,169888000,107456000,16743000,0,141084000,0,47784000,3121000,166767000,0,28804000,None,None,None,0,0,0,33628000,3121000,0,107456000,107456000,None,USD,2323673000,52527000,None,34040000,3431696000,-1108023000,599597000,703599000,324000,-18518143000,403314000,52527000,91414000,234025000,1481713000,629437000,None,-3124000,286202000,1946057000,None,-1160550000,1661804000,16188000,1235813000,0,148677000,0,0,324000,0,-18518143000,0,None,23563000,15324000,377616000,None,1235813000,114573000,1949983000,None,None,None,17412920000,2323673000,1895829000,None,108879000,USD,26779000,-539000,19697000,15235000,None,-158258000,6018000,None,107456000,5065000,143626000,6524000,18134000,0,-164276000,0,3779000,15830000,7082000,-3779000,301000,5366000,88.54,86.46
18,2015-12-31,USD,272625000,453420000,34059000,866578000,605946000,101530000,15200000,0,125379000,0,65347000,None,158282000,0,28685000,None,None,None,0,0,0,23849000,-114321000,0,375236000,101530000,None,USD,2357737000,52527000,None,39856000,3428184000,-1070447000,575053000,680483000,323000,-18625599000,395656000,52527000,94243000,228659000,1502980000,634326000,634326000,-3993000,295570000,1967924000,None,-1122974000,1686771000,12638000,1235354000,0,188171000,0,0,323000,0,-18625599000,0,None,24355000,17361000,389813000,None,1235354000,114797000,1925204000,None,None,None,17558822000,2357737000,1915430000,None,110072000,USD,25796000,27556000,13524000,-275000,492237000,-151550000,-956000,-1067000,101530000,50509000,188535000,-4695000,27229000,0,-150594000,0,661000,34935000,11997000,1980000,279000,50788000,87.36,88.54
19,2015-09-30,USD,265780000,64100000,47218000,218562000,150487000,92457000,15019000,0,121943000,0,49081000,-3975000,154462000,0,28544000,None,None,None,0,0,0,29486000,-7176000,0,92457000,92457000,None,USD,2577305000,52527000,None,35468000,3608715000,-1031410000,279724000,660417000,323000,-18727129000,393933000,52527000,338866000,177871000,1979892000,626590000,None,-2589000,297299000,1941140000,None,-1083937000,1713087000,14714000,1234890000,0,692885000,0,0,323000,0,-18727129000,0,None,24096000,262243000,636165000,None,1234890000,114209000,1628823000,None,None,None,17697985000,2577305000,1890958000,None,111891000,USD,-14440000,27976000,-21138000,70000,None,-142960000,8054000,None,92457000,-8776000,155322000,-4402000,14934000,0,-151014000,0,1319000,24658000,6768000,-301000,-639000,-9415000,70.56,87.36
