,fiscalDateEnding,reportedCurrency_x,totalRevenue,totalOperatingExpense,costOfRevenue,grossProfit,ebit,netIncome_x,researchAndDevelopment,effectOfAccountingCharges,incomeBeforeTax,minorityInterest,sellingGeneralAdministrative,otherNonOperatingIncome,operatingIncome,otherOperatingExpense,interestExpense,taxProvision,interestIncome,netInterestIncome,extraordinaryItems,nonRecurring,otherItems,incomeTaxExpense,totalOtherIncomeExpense,discontinuedOperations,netIncomeFromContinuingOperations,netIncomeApplicableToCommonShares,preferredStockAndOtherAdjustments,reportedCurrency_y,totalAssets,intangibleAssets,earningAssets,otherCurrentAssets,totalLiabilities,totalShareholderEquity,deferredLongTermLiabilities,otherCurrentLiabilities,commonStock,retainedEarnings,otherLiabilities,goodwill,otherAssets,cash,totalCurrentLiabilities,shortTermDebt,currentLongTermDebt,otherShareholderEquity,propertyPlantEquipment,totalCurrentAssets,longTermInvestments,netTangibleAssets,shortTermInvestments,netReceivables,longTermDebt,inventory,accountsPayable,totalPermanentEquity,additionalPaidInCapital,commonStockTotalEquity,preferredStockTotalEquity,retainedEarningsTotalEquity,treasuryStock,accumulatedAmortization,otherNonCurrrentAssets,deferredLongTermAssetCharges,totalNonCurrentAssets,capitalLeaseObligations,totalLongTermDebt,otherNonCurrentLiabilities,totalNonCurrentLiabilities,negativeGoodwill,warrants,preferredStockRedeemable,capitalSurplus,liabilitiesAndShareholderEquity,cashAndShortTermInvestments,accumulatedDepreciation,commonStockSharesOutstanding,reportedCurrency,investments,changeInLiabilities,cashflowFromInvestment,otherCashflowFromInvestment,netBorrowings,cashflowFromFinancing,otherCashflowFromFinancing,changeInOperatingActivities,netIncome_y,changeInCash,operatingCashflow,otherOperatingCashflow,depreciation,dividendPayout,stockSaleAndPurchase,changeInInventory,changeInAccountReceivables,changeInNetIncome,capitalExpenditures,changeInReceivables,changeInExchangeRate,changeInCashAndCashEquivalents,clossingVal,nextClossingVal
0,2020-06-30,USD,301064000,61449000,232460000,68604000,6497000,894000,None,None,1198000,None,61449000,-658000,7155000,None,5299000,304000,276000,-5023000,None,None,None,304000,-934000,None,894000,-193000,None,USD,1263605000,126767000,None,101964000,752939000,403299000,15806000,22428000,336000,293638000,48529000,291743000,75328000,285277000,235279000,17192000,17192000,-139306000,99323000,624514000,1321000,92156000,4035000,233238000,419205000,None,195659000,None,None,336000,None,293638000,None,None,89198000,None,30739000,50378000,419205000,82649000,517660000,None,107367000,None,248631000,1263605000,289312000,None,30246980,USD,5739000,-10695000,-1939000,-6340000,-60149000,-64203000,-3100000,-14946000,894000,-10110000,56032000,-2724000,8713000,-1046000,92000,None,None,5155000,1338000,54689000,None,-10110000,32.47,
1,2020-03-31,USD,329651000,312512000,249397000,80254000,16073000,22246000,None,None,2623000,None,63115000,None,17139000,None,4577000,-19623000,495000,-4082000,None,None,None,-19623000,-10434000,None,22246000,21158000,None,USD,1337067000,130903000,None,29214000,832300000,504767000,16067000,3689000,335000,293831000,47414000,296493000,77205000,290837000,251907000,16043000,16043000,-85255000,149934000,681192000,1340000,-29955000,9785000,148950000,480154000,None,38537000,None,None,335000,None,293831000,-58332000,None,46980000,None,655875000,53240000,480154000,42475000,580393000,None,107326000,None,246862000,1337067000,300622000,None,31000000,USD,-22092000,9722000,-22092000,-23392000,106109000,95658000,-2685000,-10393000,22246000,72367000,5440000,None,8873000,-1046000,0,None,None,11281000,2169000,None,None,None,28.4,32.47
2,2019-12-31,USD,335107000,68270000,236427000,98680000,28074000,12720000,None,None,23201000,118000,68270000,-2336000,30410000,None,4873000,10363000,520000,-4353000,None,None,None,10363000,-2856000,None,12838000,11633000,None,USD,1185958000,99519000,None,86637000,675377000,403296000,14873000,17977000,332000,272673000,36318000,276089000,68933000,217387000,214050000,14597000,14597000,-125861000,108198000,580598000,1429000,134973000,20058000,256516000,375164000,None,181476000,None,None,332000,None,272673000,-58332000,None,88989000,None,31136000,55394000,375164000,71290000,461327000,None,107285000,None,256152000,1185958000,237445000,None,29860509,USD,-5214000,-1595000,-10309000,-2709000,4797000,-8675000,-125000,5494000,12838000,31666000,50650000,8126000,8278000,-1046000,-12301000,None,14908000,8095000,2386000,14908000,None,31666000,45.33,28.4
3,2019-09-30,USD,328501000,309266000,238584000,89917000,24859000,7102000,None,None,12078000,146000,70682000,-2322000,19235000,None,4835000,4830000,551000,-4284000,None,None,None,4830000,-2873000,None,7248000,6014000,None,USD,1174186000,101330000,None,32862000,669546000,489512000,15271000,17769000,332000,261040000,36219000,277061000,69191000,183372000,211933000,14532000,14532000,-127387000,111412000,562148000,1672000,111121000,14908000,155510000,369992000,None,35032000,None,None,332000,None,261040000,-58332000,None,39895000,None,612038000,55417000,369992000,27815000,457613000,None,107243000,None,248284000,1174186000,198280000,None,29838568,USD,-20806000,6969000,-20806000,-19868000,22111000,-2347000,-1647000,9509000,7102000,-6742000,21568000,-6397000,7946000,-1046000,-21765000,None,-2982000,8763000,3704000,-2982000,None,-1585000,36.02,45.33
4,2019-06-30,USD,319024000,305596000,234735000,84289000,23432000,5834000,None,None,10759000,186000,70861000,2239000,13428000,None,4908000,4739000,673000,-4235000,None,None,None,4739000,1566000,None,6020000,4747000,None,USD,1183403000,97689000,None,33715000,676999000,506404000,15713000,18085000,331000,255026000,37622000,280501000,64905000,190007000,218356000,13657000,13657000,-100233000,120225000,563972000,1889000,146865000,17912000,149652000,348469000,None,41802000,None,None,331000,None,255026000,-39652000,None,35780000,None,619431000,58719000,348469000,28102000,458643000,None,125853000,None,244078000,1183403000,207919000,None,30242955,USD,6188000,-10781000,6188000,-4232000,-893000,-9253000,-2011000,-22542000,5834000,316000,2236000,-13870000,7765000,-1046000,-5303000,None,7203000,5380000,4775000,7203000,None,-829000,44.43,36.02
5,2019-03-31,USD,327631000,74227000,230364000,97267000,17909000,8361000,None,None,13110000,138000,74227000,-5131000,23040000,None,4799000,4610000,-5451000,-4115000,None,None,None,4611000,-5816000,None,8499000,7273000,None,USD,1132473000,92440000,None,81610000,610962000,390774000,15824000,6421000,330000,250279000,42015000,279543000,58606000,189676000,213994000,11407000,11407000,-99039000,119865000,580251000,1768000,149528000,33138000,275827000,351320000,None,196166000,None,None,330000,None,250279000,-39652000,None,29836000,None,28770000,None,351320000,29824000,396968000,None,130737000,None,239204000,1132473000,222814000,None,30132776,USD,8936000,19168000,-52661000,-50400000,39351000,33056000,-4639000,-10294000,8499000,-20808000,-1203000,-22468000,7577000,-1046000,-983000,None,-27521000,14427000,11197000,-27521000,None,-20808000,53.45,44.43
6,2018-12-31,USD,314681000,73935000,221461000,93220000,27794000,12576000,0,None,23197000,221000,73935000,8509000,19285000,None,4597000,10400000,None,None,None,None,None,10400000,3873000,None,12797000,11489000,None,USD,1114045000,92326000,None,66913000,601187000,380814000,18326000,6120000,328000,243006000,46346000,281353000,44642000,210579000,240836000,11407000,11407000,-100407000,124917000,566711000,2317000,139179000,41641000,247578000,311672000,None,223309000,None,None,328000,None,243006000,-39652000,None,22201000,None,24220000,None,311672000,30353000,360351000,None,107120000,None,237887000,1114045000,252220000,None,29901375,USD,12251000,14151000,4643000,-1768000,-3147000,-6578000,-226000,-1657000,12797000,34604000,36539000,-4184000,7384000,-1046000,-1786000,None,6755000,-1249000,5840000,6755000,None,34604000,42.59,53.45
7,2018-09-30,USD,305520000,75155000,216346000,89174000,6072000,1505000,0,None,1558000,455000,75155000,-7947000,14019000,None,4514000,None,None,None,None,None,None,-402000,-12518000,None,1960000,417000,None,USD,1090899000,94212000,None,54384000,599775000,359156000,17462000,6175000,328000,231517000,62316000,275002000,51529000,176981000,222935000,11407000,11407000,-103885000,120264000,544575000,2808000,121635000,54108000,259102000,314524000,0,205353000,0,0,328000,107079000,231517000,-39652000,None,15728000,None,38310000,None,314524000,44854000,376840000,None,131693000,None,231196000,1090899000,231089000,None,29889706,USD,484000,7868000,-4699000,231000,26604000,-7826000,-5252000,8555000,1960000,27488000,40013000,-3578000,7618000,-1046000,-28132000,0,10775000,15370000,5414000,10775000,None,27488000,53.71,42.59
8,2018-06-30,USD,300031000,69626000,216481000,83550000,4553000,-6296000,0,None,299000,731000,69626000,-9371000,13924000,None,4254000,None,None,None,None,None,None,5864000,-13664000,None,-5565000,-7383000,None,USD,1090126000,91515000,None,53715000,561742000,404622000,19310000,6795000,326000,231100000,64562000,289303000,49647000,154792000,211804000,13657000,13657000,-93393000,124463000,529324000,3322000,130841000,56396000,264421000,285376000,0,191352000,0,0,326000,107037000,231100000,-39652000,None,16532000,None,35667000,None,285376000,45252000,349938000,None,107037000,None,266589000,1090126000,211188000,None,29717698,USD,-8716000,769000,-21991000,186000,-897000,-3903000,-2450000,-18530000,-5565000,-32624000,-6730000,-11669000,7597000,-1046000,490000,0,-12750000,14888000,13461000,-12750000,None,-32624000,48.68,53.71
9,2018-03-31,USD,281341000,67624000,197342000,83999000,14051000,2883000,0,0,10793000,1747000,67624000,-2324000,16375000,0,3258000,None,None,None,0,0,0,6163000,-6990000,0,4630000,1795000,None,USD,1113180000,96001000,None,52953000,570101000,418623000,21341000,7908000,325000,238019000,65174000,297251000,40814000,195198000,216700000,11407000,11407000,-80333000,121565000,549335000,5728000,132367000,45900000,255284000,288227000,0,197385000,0,260612000,325000,106996000,238019000,-39652000,None,11772000,None,31528000,None,288227000,43833000,353401000,None,106996000,None,260612000,1113180000,241098000,None,29589093,USD,26127000,33589000,-56498000,-77771000,168225000,17604000,-5098000,7824000,4630000,-30376000,8518000,-4017000,7091000,-1046000,-144477000,0,-29788000,-2987000,4854000,-29788000,-1445000,-31821000,48.46,48.68
10,2017-12-31,USD,263809000,66726000,183420000,80389000,17811000,-10055000,0,0,16506000,2134000,66726000,4148000,13663000,0,1305000,None,None,None,0,0,0,24427000,2521000,0,-7921000,-11142000,None,USD,993557000,52215000,None,56061000,307774000,483606000,23155000,9914000,322000,236224000,23244000,214265000,318089000,226983000,130936000,130439000,130439000,-79603000,120395000,555073000,12321000,324081000,66539000,205490000,130439000,0,121022000,0,0,322000,106955000,236224000,-39652000,None,12514000,None,26774000,None,130439000,23244000,176838000,None,106955000,None,326663000,993557000,293522000,None,29343387,USD,15408000,16395000,13078000,717000,24963000,24669000,118000,16846000,-7921000,62096000,24349000,-1355000,7420000,-1046000,634000,0,-2262000,12072000,3047000,-2262000,2365000,64461000,44.08,48.46
11,2017-09-30,USD,248174000,59491000,178404000,69770000,10505000,4768000,0,0,9092000,2824000,59491000,226000,10279000,0,1413000,None,None,None,0,0,0,1500000,0,0,7592000,3681000,None,USD,944351000,54119000,None,63245000,264044000,482102000,23562000,9756000,322000,247366000,9733000,211157000,318603000,163198000,125592000,105157000,105157000,-82381000,119047000,506701000,16775000,323740000,76662000,203596000,105157000,0,115836000,0,0,322000,106914000,247366000,-39652000,None,9316000,None,27236000,None,105157000,9733000,138452000,None,106914000,None,316795000,944351000,239860000,None,29271094,USD,-11375000,7986000,-17012000,-486000,-93000,-3682000,-961000,7123000,7592000,8074000,28768000,-2419000,7376000,-1035000,-1593000,0,0,7893000,5151000,340000,204000,8278000,37.78,44.08
12,2017-06-30,USD,227345000,54996000,166279000,61066000,7103000,3658000,0,0,5445000,989000,54996000,1033000,6070000,0,1658000,None,None,None,0,0,0,798000,0,0,4647000,2957000,None,USD,928692000,56778000,None,68588000,255140000,477434000,25396000,9780000,320000,243685000,10209000,211949000,321782000,154241000,114666000,104869000,104869000,-77099000,118633000,488277000,20365000,315579000,62432000,203016000,104869000,0,104886000,0,0,320000,106872000,243685000,-36971000,None,9147000,None,23543000,None,104869000,10209000,140474000,None,106872000,None,310528000,928692000,216673000,None,29169730,USD,11382000,-8193000,7605000,-733000,-81031000,-1149000,-1274000,-9749000,4647000,7520000,1064000,-2846000,7020000,0,81156000,0,0,5268000,3044000,-4832000,1551000,9071000,29.4,37.78
13,2017-03-31,USD,225962000,55564000,160174000,65788000,16669000,10465000,0,0,15709000,1305000,55564000,6445000,10224000,0,960000,None,None,None,0,0,0,3939000,430000,0,11770000,10465000,None,USD,923420000,58361000,None,61557000,338404000,497032000,26682000,7479000,318000,240728000,9107000,211089000,324288000,145082000,125762000,8870000,8870000,-49401000,118890000,480242000,21765000,227582000,72028000,201575000,176722000,0,109413000,0,305387000,318000,0,240728000,-9652000,None,9980000,None,23093000,None,176722000,9238000,212642000,None,None,None,305387000,923420000,217110000,None,29905511,USD,12592000,383000,8346000,148000,-2522000,-1176000,683000,3347000,11770000,7797000,627000,2894000,7047000,-3127000,663000,0,-13508000,-11628000,4394000,-9839000,3233000,11030000,30.22,29.4
14,2016-12-31,USD,217209000,55904000,154847000,62362000,5026000,4435000,0,0,4127000,1106000,55904000,-1432000,6458000,0,899000,None,None,None,0,0,0,-1414000,0,0,5541000,4435000,None,USD,892510000,59110000,None,56968000,334499000,475333000,25215000,10872000,316000,230263000,8791000,204762000,317091000,134098000,121554000,8870000,8870000,-46831000,114569000,460850000,24218000,211461000,80731000,189053000,178939000,0,101812000,0,0,316000,0,230263000,-9652000,None,9365000,19636000,431660000,None,178939000,8791000,212945000,None,None,None,301237000,892510000,214829000,None,29727988,USD,-35240000,5520000,-37354000,42000,-2545000,4708000,7189000,968000,5541000,-19099000,13547000,968000,7092000,0,-89083000,0,0,6475000,2156000,-12049000,-5920000,-25019000,25.12,30.22
15,2016-09-30,USD,210089000,54183000,152369000,57720000,6112000,3214000,0,0,4955000,1242000,54183000,2575000,3537000,0,1157000,None,None,None,0,0,0,499000,0,0,4456000,3214000,None,USD,866385000,61458000,None,48501000,321300000,478484000,16754000,8554000,316000,225828000,9261000,199056000,320348000,159126000,114128000,8870000,8870000,-40152000,113871000,432166000,28705000,217970000,42532000,182007000,181157000,0,96704000,0,0,316000,0,225828000,-9652000,None,17157000,13972000,434219000,None,181157000,9261000,207172000,None,None,None,302144000,866385000,201658000,None,29693815,USD,-1718000,5897000,-4953000,2278000,-2530000,-3116000,-862000,1080000,4456000,18558000,25150000,1080000,7180000,0,276000,0,8380000,5080000,5513000,1091000,1477000,18558000,24.68,25.12
16,2016-06-30,USD,205471000,53759000,147372000,51911000,-5973000,-6256000,0,0,-5973000,746000,52705000,-3574000,-1848000,0,551000,None,None,None,0,0,0,-463000,0,0,-5510000,-6256000,None,USD,849565000,63491000,None,44074000,316919000,467116000,16809000,5958000,314000,222614000,9805000,196041000,314519000,140339000,106931000,8870000,8870000,-43952000,114522000,420524000,22182000,207584000,49212000,186899000,183374000,0,92103000,0,0,314000,0,222614000,-9652000,None,17298000,15507000,429041000,None,183374000,9805000,209988000,None,None,None,297792000,849565000,189551000,None,29000000,USD,14847000,-38987000,100976000,91767000,-2543000,-91421000,-207000,4283000,-5510000,-7538000,-17093000,4283000,6567000,-89147000,-88671000,0,7289000,9265000,3278000,7289000,-1109000,-8647000,28.88,24.68
17,2016-03-31,USD,171853000,54793000,106923000,60313000,12996000,12290000,0,0,12996000,218000,54793000,7476000,5520000,0,-643000,None,None,None,0,0,0,488000,12349000,0,12508000,12290000,None,USD,980012000,66846000,None,35362000,352057000,475013000,16121000,5971000,313000,228870000,8902000,200424000,334951000,242907000,141264000,8881000,8881000,-42139000,116282000,528779000,31686000,207743000,53917000,196593000,185633000,0,126412000,0,0,313000,0,228870000,-9652000,None,20105000,15890000,451233000,None,185633000,9039000,210793000,None,None,None,297621000,980012000,296824000,None,29430371,USD,25358000,3974000,-172755000,-194936000,174359000,197366000,19175000,9734000,45020000,24184000,5003000,-40927000,4687000,-3127000,298000,0,-17123000,-723000,3177000,-7028000,3164000,29244000,37.46,28.88
18,2015-12-31,USD,150603000,39561000,92685000,53695000,15787000,11313000,0,0,15787000,0,39510000,1653000,14185000,0,0,None,None,None,0,0,0,4474000,0,0,11313000,11313000,None,USD,533642000,32957000,None,24412000,80398000,453244000,1958000,61147000,312000,216580000,2959000,76432000,141812000,143364000,75481000,None,None,-45995000,40617000,351213000,22080000,343855000,59374000,124063000,0,0,75481000,0,0,312000,0,216580000,-9652000,None,5501000,4842000,182429000,None,None,2959000,4917000,None,None,None,291999000,533642000,202738000,None,30000000,USD,38864000,-292000,15545000,-20318000,-36000,710000,407000,None,11313000,38649000,22394000,11504000,4386000,0,339000,0,0,2723000,3001000,4073000,-1165000,37484000,41.34,37.46
19,2015-09-30,USD,143002000,36246000,93500000,49502000,15086000,11086000,0,0,15086000,0,36246000,1830000,13256000,0,0,None,None,None,0,0,0,4000000,0,0,11086000,11086000,None,USD,522661000,34321000,None,24278000,83003000,439658000,1861000,64986000,311000,205267000,3627000,76430000,146724000,85721000,77515000,None,None,-44190000,40694000,335243000,24887000,328907000,96286000,128958000,0,0,77515000,0,0,311000,0,205267000,-9652000,None,5607000,5479000,187418000,None,None,3627000,5488000,None,None,None,287922000,522661000,182007000,None,29268739,USD,-25703000,4740000,-37727000,-6849000,-22000,766000,454000,None,11086000,-19912000,17049000,11978000,4178000,0,334000,0,0,2501000,5175000,-6348000,-1678000,-21590000,51.31,41.34
