,fiscalDateEnding,reportedCurrency_x,totalRevenue,totalOperatingExpense,costOfRevenue,grossProfit,ebit,netIncome_x,researchAndDevelopment,effectOfAccountingCharges,incomeBeforeTax,minorityInterest,sellingGeneralAdministrative,otherNonOperatingIncome,operatingIncome,otherOperatingExpense,interestExpense,taxProvision,interestIncome,netInterestIncome,extraordinaryItems,nonRecurring,otherItems,incomeTaxExpense,totalOtherIncomeExpense,discontinuedOperations,netIncomeFromContinuingOperations,netIncomeApplicableToCommonShares,preferredStockAndOtherAdjustments,reportedCurrency_y,totalAssets,intangibleAssets,earningAssets,otherCurrentAssets,totalLiabilities,totalShareholderEquity,deferredLongTermLiabilities,otherCurrentLiabilities,commonStock,retainedEarnings,otherLiabilities,goodwill,otherAssets,cash,totalCurrentLiabilities,shortTermDebt,currentLongTermDebt,otherShareholderEquity,propertyPlantEquipment,totalCurrentAssets,longTermInvestments,netTangibleAssets,shortTermInvestments,netReceivables,longTermDebt,inventory,accountsPayable,totalPermanentEquity,additionalPaidInCapital,commonStockTotalEquity,preferredStockTotalEquity,retainedEarningsTotalEquity,treasuryStock,accumulatedAmortization,otherNonCurrrentAssets,deferredLongTermAssetCharges,totalNonCurrentAssets,capitalLeaseObligations,totalLongTermDebt,otherNonCurrentLiabilities,totalNonCurrentLiabilities,negativeGoodwill,warrants,preferredStockRedeemable,capitalSurplus,liabilitiesAndShareholderEquity,cashAndShortTermInvestments,accumulatedDepreciation,commonStockSharesOutstanding,reportedCurrency,investments,changeInLiabilities,cashflowFromInvestment,otherCashflowFromInvestment,netBorrowings,cashflowFromFinancing,otherCashflowFromFinancing,changeInOperatingActivities,netIncome_y,changeInCash,operatingCashflow,otherOperatingCashflow,depreciation,dividendPayout,stockSaleAndPurchase,changeInInventory,changeInAccountReceivables,changeInNetIncome,capitalExpenditures,changeInReceivables,changeInExchangeRate,changeInCashAndCashEquivalents,clossingVal,nextClossingVal
0,2020-06-30,USD,2769779,3591697,1192012,1577767,-658330,-601260,376611,None,-812734,None,2023074,None,-821918,None,None,-211474,None,None,None,None,None,-211474,9184,None,-601260,-601260,None,USD,18309520,256725,None,None,9111621,9197899,None,None,777,-4704925,1840705,None,2725121,3779820,5364772,None,433656,None,2402148,12225526,700000,8941174,240000,2741191,888975,2928803,742753,None,None,None,None,None,None,None,350728,None,6083994,1326463,None,None,3746849,None,None,None,None,None,None,None,None,USD,352105,-66033,352105,None,1320714,1324561,-3068,-52676,-601260,662927,-1013739,None,163588,None,0,-783717,629843,-27000,127895,None,None,None,3.79,
1,2020-03-31,USD,3338163,3850067,1742936,1595227,-349385,-389410,329755,None,-492410,None,1777376,None,-511904,None,None,-103000,None,None,None,None,None,-103000,19494,None,-389410,-389410,None,USD,17726776,238895,None,None,7931464,9795312,None,None,776,-4103665,1863921,None,2539381,3116893,4969738,None,None,None,2455671,11652829,840000,9556417,720000,3371034,None,2145086,501426,None,None,None,None,None,None,None,333559,None,6073947,1400987,None,None,2961726,None,None,None,13898200,None,3836890,None,8000000,USD,974916,724010,974916,1195000,1320714,3522,-2778,-173966,-389410,1701802,723364,None,162519,None,0,-195672,-1063062,-99361,220084,None,None,None,2.25,3.79
2,2019-12-31,USD,5892863,5536431,3250231,2642632,513963,-65751,254553,None,357435,None,2031647,None,356432,None,None,423186,None,None,None,None,None,423186,1003,None,-65751,-65751,None,USD,17459793,217930,None,None,7278593,10181200,None,2825596,775,-3714255,1748257,None,2454058,1415091,4355454,None,None,None,2419071,11528734,840000,9963270,1915000,2307972,None,1949414,621127,None,None,None,None,None,None,None,351236,None,5931059,1472126,None,None,2923139,None,None,None,13894680,None,3330090,None,8000000,USD,-228948,-1276235,-228948,1578640,1320714,-17966,-17966,68493,-65751,-1962621,-1715707,None,157531,None,0,868686,-876564,876701,229957,None,None,None,4.87,2.25
3,2019-09-30,USD,6713409,5466941,2957865,3755544,1395029,937107,381654,None,1284894,None,2127422,None,1246468,None,None,347787,None,None,None,None,None,347787,38426,None,937107,937107,None,USD,18890090,154074,None,None,8625173,10264917,None,3483770,775,-3648504,1601169,None,3034260,3377712,5772906,None,None,None,2411510,12170246,1120000,10110843,1915000,1431408,None,2818100,1047334,None,None,None,None,None,None,None,340438,None,6719844,1542471,None,None,2852267,None,None,None,13912650,None,5292710,None,8000000,USD,-214597,1449507,-214597,1577630,-11250,-17218,-11743,70536,937107,1984011,2215826,None,148561,None,0,-304222,635020,345999,179597,None,None,None,2.72,4.87
4,2019-06-30,USD,3054313,3937792,1539267,1515046,-739418,-633731,353665,None,-850979,None,2044860,None,-883479,None,None,-217248,None,None,None,None,None,-217248,32500,None,-633731,-633731,None,USD,16583315,156296,None,None,7249537,9333778,None,3086232,774,-4585611,1188196,None,3413416,1393701,4734877,11250,11250,None,2378252,9515351,1120000,9177482,1880000,2066428,None,2513878,814518,None,None,None,None,None,None,None,372566,None,7067964,1605092,None,None,2514660,None,None,None,13918620,None,3273700,None,8000000,USD,1195073,568536,1195073,1612630,-11250,-56078,-4367,455432,-633731,107123,-1031872,None,144061,None,-57362,-805207,-727183,-119526,214927,None,None,None,2.33,2.72
5,2019-03-31,USD,3051340,3508441,1250870,1800470,-315320,-312900,355641,None,-419900,None,1901930,None,-457100,None,None,-107000,None,None,None,None,None,-107000,37201,None,-312902,-312900,None,USD,16763060,158520,None,None,6739470,10023590,None,76250,780,-3951880,963019,None,3195220,1286580,4375470,11250,11250,None,2305160,9922280,1120000,9865068,3290000,2500540,1400987,1708670,616254,None,None,None,None,None,None,None,348461,None,6840774,1663562,None,1400987,2364006,None,None,None,13974690,None,4576580,None,8000000,USD,-52363,394750,-52360,202630,-11250,-260840,-4367,-553344,-312900,-1213800,-900600,None,141780,None,-260840,-96669,-37235,-107000,254990,None,None,None,3.98,2.33
6,2018-12-31,USD,2584429,4462459,1577380,1007049,-1878030,-1270058,361074,0,-1831807,0,2524005,None,-1878030,0,0,-561750,None,None,0,0,0,-561749,46223,0,-1270058,-1270058,None,USD,15218013,None,None,None,4620682,10597331,None,2556913,783,-3638978,1008879,None,3038897,2500381,3611803,11250,11250,None,678245,10380871,1120000,10597331,3490000,2400968,None,1612002,429949,None,None,None,None,None,-37310,None,None,None,None,None,None,None,None,None,None,None,14272830,None,5990380,None,8000000,USD,-3490000,-812866,-3490000,-3490000,-11250,-547662,-165725,-294630,-1270058,-5373599,-1335937,None,73903,None,-614060,256045,635308,76361,94994,None,None,None,3.07,3.98
7,2018-09-30,USD,3546586,3467048,1461754,2084832,79538,61000,323626,0,97000,0,1681668,None,79538,0,0,None,None,None,0,0,0,36000,17462,0,61000,61000,None,USD,17343031,0,None,736000,4883548,12459483,788126,2553439,794,-2368920,822478,0,2021715,7873980,4061070,11250,11250,None,752148,13328375,1240793,12459483,0,2850019,0,1868047,449707,0,0,0,0,0,-112000,None,None,None,None,None,None,None,None,None,None,None,None,None,None,None,8000000,USD,-3490000,760977,-5054,0,-11250,-11250,-165725,-8512,61000,2974892,2991196,None,74746,0,0,-66959,2168148,1796,5054,None,None,None,5.32,3.07
8,2018-06-30,USD,8704922,5748316,2964997,5739925,2956606,2112937,305738,0,2977878,0,2477581,None,2956606,0,0,None,None,None,0,0,0,864941,21272,0,2112937,2112937,None,USD,16566508,0,None,728000,4169821,12396687,0,2419890,794,-2429920,49074,0,2057715,4899088,4109497,11250,11250,None,821840,12446160,1240793,12396687,0,5018167,11250,1801088,531054,0,0,0,0,0,-112000,None,None,None,None,None,None,None,None,None,None,None,None,None,None,None,8000000,USD,-3490000,952662,-120283,0,-11250,-66400,-76900,1963,2112937,381468,568151,None,74587,0,0,281266,-3039164,183900,120283,None,None,None,5.12,5.32
9,2018-03-31,USD,3244190,3402403,1026156,2218034,-158213,-85787,367544,0,-114981,0,2008703,None,-158213,0,0,None,None,None,0,0,0,-29194,43232,0,-85787,-85787,None,USD,14371550,0,None,730000,4071160,10300390,0,2413002,793,-4542857,63028,0,2931574,4517620,3996882,11250,11250,None,776145,9288898,1374933,10300390,0,1959144,11250,2082354,785509,0,0,0,0,0,-112000,None,None,None,None,None,None,None,None,None,None,None,None,None,None,None,8000000,USD,-3490000,-422374,-167490,0,-11250,-66400,-76900,-143341,-85787,-562825,-395335,None,68619,0,0,-361916,549464,183900,167490,None,None,None,6.3,5.12
10,2017-12-31,USD,2377000,22175916,1371000,4995894,2537231,470000,353000,0,-9010,0,2069000,None,555517,0,0,None,None,None,0,0,0,-2529292,-540755,0,5053102,470000,None,USD,14850000,0,None,586000,4464000,10386000,0,3721000,2000,-4457070,76000,0,4085000,5080000,4377000,11250,11250,None,677000,10087504,1374933,10386177,0,2700182,11000,1720000,536000,0,0,0,0,0,-112000,None,None,None,None,None,None,None,None,None,None,None,None,None,None,None,8000000,USD,-3490000,93000,-133831,0,-11250,-1141404,-1018045,-336372,470000,1376866,2652000,None,270881,0,0,-400494,652000,940765,134000,None,None,None,2.64,6.3
11,2017-09-30,USD,4686000,-10589153,1508000,11208726,-931782,742000,311000,0,766000,0,2361000,None,751000,0,0,None,None,None,0,0,0,24000,-11311,0,-1831359,742000,None,USD,14873000,0,None,660000,4931000,9942000,0,4030000,2000,-7719351,88000,0,1988000,5106000,4832000,11250,11250,None,693000,8625738,None,9941852,0,4736252,11000,1689000,730000,0,0,0,0,0,-97000,None,None,None,None,None,None,None,None,None,None,None,None,None,None,None,8000000,USD,None,788000,-468115,0,-11250,-497143,-870795,-354755,742000,822989,2550000,None,0,0,0,-142313,-670444,107677,83000,None,None,None,2.6,2.64
12,2017-06-30,USD,5252000,3630945,1430000,-8401617,-778820,1648000,279000,0,1648000,0,2130000,None,1621000,0,0,None,None,None,0,0,0,-390000,-3694,0,-361349,1648000,None,USD,14750000,None,None,306000,4704000,10046000,100277,3828000,2000,-5669372,100000,None,1988000,4283000,4581000,33750,33750,None,747000,12015276,1988174,10045679,None,6092836,23000,1334000,605000,None,None,None,None,None,-14000,None,None,None,None,None,None,None,None,None,None,None,None,None,None,None,9000000,USD,None,440000,-24148,None,-11250,-50550,-36750,1235558,1648000,-280105,750000,None,58901,None,-50550,-218597,-3478577,68062,71000,None,None,None,1.88,2.6
13,2017-03-31,USD,4209000,0,1711000,2430343,479888,402000,342000,0,480000,0,1956000,None,474000,0,0,None,None,None,0,0,0,78000,6233,0,401888,402000,None,USD,11098000,None,None,1649000,4235000,6863000,None,3461000,2000,-7317463,112000,None,472000,4563000,4100000,11250,11250,None,792000,9833766,471928,6863830,None,2506963,23000,1115000,544000,None,None,None,None,None,None,None,None,None,None,None,None,None,None,None,None,None,None,None,None,None,8000000,USD,None,316000,-46775,None,-11250,-48500,-48500,-1291024,402000,859742,955000,None,58207,None,-48500,205000,738000,100163,47000,None,None,None,2.15,1.88
14,2016-12-31,USD,3001000,13485842,1081000,8047915,2167075,2059186,353000,0,2153523,0,2191000,None,2232047,0,0,None,None,None,0,0,0,29000,-78524,0,2059186,2059186,None,USD,9912000,None,None,357000,3502000,6410000,122126,2845000,2000,-7719351,122000,None,472000,3704000,3357000,11250,11250,None,814000,8625738,471928,6410279,None,3352149,23000,1320000,468000,None,None,None,None,None,None,None,None,None,None,None,None,None,None,None,None,None,None,None,None,None,8000000,USD,-335349,65000,-830334,-520799,-11250,-537987,-554338,-305743,2050022,386559,1755000,None,192602,None,16351,-417302,-898711,526605,310000,None,None,None,2.6399,2.15
15,2016-09-30,USD,3042000,0,1280000,1634195,-749,-332164,300000,0,-354749,0,1701000,None,-418721,0,0,None,None,None,0,0,0,9000,64972,0,-9164,-332164,None,USD,10187000,None,None,244000,3385000,6802000,None,2686000,793000,-7407325,132000,None,137000,4921000,3253000,33750,33750,None,823000,9226582,136579,6802008,None,3016585,None,1045000,537000,None,None,None,None,None,None,None,None,None,None,None,None,None,None,None,None,None,None,None,None,None,79000000,USD,-335349,442208,-243760,3000,-11250,456474,None,-86787,-9164,852343,2080000,None,54412,None,467724,-71828,554662,-243874,468000,None,None,None,0.294,2.6399
16,2016-06-30,USD,3377000,0,1361000,0,0,323000,169000,0,354000,0,1613000,None,353000,0,0,None,None,None,0,0,0,31000,0,0,0,323000,None,USD,9548000,None,None,264000,2684000,6864000,None,1959000,791000,None,142000,None,137000,4069000,2542000,None,None,None,641000,None,None,None,None,None,None,973000,534000,None,None,None,None,None,-3000,None,None,None,None,None,None,None,None,None,None,None,None,None,None,None,8000000,USD,None,None,None,None,None,None,None,None,323000,None,973000,None,None,None,None,None,None,None,221000,None,None,None,0.2,0.294
17,2016-03-31,USD,6232000,0,2055000,0,0,2048000,263000,0,2082000,0,2050000,None,2081000,0,0,None,None,None,0,0,0,34000,0,0,0,2048000,None,USD,9616000,None,None,96000,2854000,6762000,None,2041000,791000,None,152000,None,137000,3051000,2702000,None,None,None,502000,None,None,None,None,None,None,972000,607000,None,None,None,None,None,-3000,None,None,None,None,None,None,None,None,None,None,None,None,None,None,None,8000000,USD,None,170000,None,None,None,None,None,None,2048000,None,None,None,None,None,None,None,None,None,32000,None,None,None,nan,0.2
18,2015-12-31,USD,3710000,11851753,1628000,7690211,1490583,123000,1666000,0,194000,0,1844000,None,194000,0,0,None,None,None,0,0,0,71000,135962,0,1536983,123000,None,USD,7270000,None,None,51000,2898000,4372000,None,2084000,791000,-9769373,160000,None,137000,3317000,2738000,None,None,None,516000,6617423,136579,4371639,None,2346141,None,903000,508000,None,None,None,None,None,-3000,None,None,None,None,None,None,None,None,None,None,None,None,None,None,None,8000000,USD,-335349,397000,-332953,-520799,-11250,-5597,-554338,6504,123000,1404291,1743000,None,184846,None,16351,-199813,-735760,-18251,333000,None,None,None,nan,nan
19,2015-09-30,USD,3937000,0,1434000,0,0,989000,0,0,989000,0,1468000,None,988000,0,0,None,None,None,0,0,0,-19000,0,0,0,989000,None,USD,6183000,None,None,84000,1948000,4235000,None,1503000,791000,None,168000,None,137000,2503000,1780000,None,None,None,527000,None,None,None,None,None,None,1075000,224000,None,None,None,None,None,-3000,None,None,None,None,None,None,None,None,None,None,None,None,None,None,None,8000000,USD,None,23000,None,None,None,None,None,None,989000,None,897000,None,None,None,None,None,None,None,300000,None,None,None,nan,nan
