,fiscalDateEnding,reportedCurrency_x,totalRevenue,totalOperatingExpense,costOfRevenue,grossProfit,ebit,netIncome_x,researchAndDevelopment,effectOfAccountingCharges,incomeBeforeTax,minorityInterest,sellingGeneralAdministrative,otherNonOperatingIncome,operatingIncome,otherOperatingExpense,interestExpense,taxProvision,interestIncome,netInterestIncome,extraordinaryItems,nonRecurring,otherItems,incomeTaxExpense,totalOtherIncomeExpense,discontinuedOperations,netIncomeFromContinuingOperations,netIncomeApplicableToCommonShares,preferredStockAndOtherAdjustments,reportedCurrency_y,totalAssets,intangibleAssets,earningAssets,otherCurrentAssets,totalLiabilities,totalShareholderEquity,deferredLongTermLiabilities,otherCurrentLiabilities,commonStock,retainedEarnings,otherLiabilities,goodwill,otherAssets,cash,totalCurrentLiabilities,shortTermDebt,currentLongTermDebt,otherShareholderEquity,propertyPlantEquipment,totalCurrentAssets,longTermInvestments,netTangibleAssets,shortTermInvestments,netReceivables,longTermDebt,inventory,accountsPayable,totalPermanentEquity,additionalPaidInCapital,commonStockTotalEquity,preferredStockTotalEquity,retainedEarningsTotalEquity,treasuryStock,accumulatedAmortization,otherNonCurrrentAssets,deferredLongTermAssetCharges,totalNonCurrentAssets,capitalLeaseObligations,totalLongTermDebt,otherNonCurrentLiabilities,totalNonCurrentLiabilities,negativeGoodwill,warrants,preferredStockRedeemable,capitalSurplus,liabilitiesAndShareholderEquity,cashAndShortTermInvestments,accumulatedDepreciation,commonStockSharesOutstanding,reportedCurrency,investments,changeInLiabilities,cashflowFromInvestment,otherCashflowFromInvestment,netBorrowings,cashflowFromFinancing,otherCashflowFromFinancing,changeInOperatingActivities,netIncome_y,changeInCash,operatingCashflow,otherOperatingCashflow,depreciation,dividendPayout,stockSaleAndPurchase,changeInInventory,changeInAccountReceivables,changeInNetIncome,capitalExpenditures,changeInReceivables,changeInExchangeRate,changeInCashAndCashEquivalents,clossingVal,nextClossingVal
0,2020-06-30,USD,3036843,7284096,2240923,795920,-3606541,-4238666,1796268,None,-4238666,None,2596815,None,-4247253,9379,None,0,None,None,None,None,None,None,8587,None,-4238666,-4745981,None,USD,31102080,2400141,None,471809,4967927,26134153,None,None,39004,-154343101,None,None,550000,13229182,2814108,None,684286,None,5228671,22923268,None,23733962,None,1021069,871614,6256333,832584,None,None,None,None,None,None,None,550000,None,8178812,1726700,None,None,2153819,None,None,None,None,None,None,None,None,USD,-379355,-499838,-379355,None,1555900,None,10582309,12651,-4238666,7086524,-4672330,None,640712,None,None,-587957,-571419,659732,379355,None,None,None,2.39,
1,2020-03-31,USD,1531715,6831112,1451199,80516,-4650856,-5361624,2023058,None,-5361624,None,2690628,None,-5299397,17686,None,0,-4700,None,None,None,None,None,-62227,None,-5361624,-5861462,None,USD,23027627,2434075,None,527249,3938843,19088784,None,None,33128,-150104435,None,None,441430,6142658,2498684,None,None,None,5845259,14306863,None,16654659,None,376570,None,5668376,1297924,None,None,None,None,None,None,None,441430,None,8720764,1964984,None,None,1440159,None,None,None,169160040,None,6142660,None,33000000,USD,-264682,192390,-264682,None,1555900,None,10582309,-143064,-5361624,-4463433,-4198751,None,648541,None,None,39491,450454,339733,264682,None,None,None,1.23,2.39
2,2019-12-31,USD,1952489,11598372,6321082,-4368593,-8938186,-9583985,2060831,None,-9583985,None,2550095,None,-9645883,20565,0,0,61900,0,None,None,None,None,61898,None,-9583985,-10081787,None,USD,28446465,2699091,None,326014,4206022,24240443,None,260043,33128,-144742811,None,None,350000,10606091,2634657,None,None,None,6423866,19073508,250000,21541302,None,1371913,None,5707867,1062785,None,None,None,None,None,None,None,9372957,None,9372957,2096190,None,None,1571365,None,None,None,168950080,None,10606090,None,30000000,USD,-730990,170393,-730990,-250000,1555900,0,10582309,99264,-9583985,-5034515,-4303525,None,645799,None,20000010,-1471788,-406524,4869149,480990,None,None,None,2.01,1.23
3,2019-09-30,USD,1158882,6707487,1390339,-231457,-4847962,-5476690,2336778,None,-5476690,None,2324902,None,-5548605,26740,0,0,71920,0,None,None,None,None,71915,None,-5476690,-5967076,None,USD,36350056,2822587,None,1499742,2757169,33592887,None,486641,33128,-135158826,None,None,316271,15640606,2724679,None,None,None,5164086,28047112,None,30770250,None,965389,None,8808738,1061703,None,None,None,None,None,None,None,316271,None,8302944,565779,None,None,32490,None,None,None,168718540,None,15640610,None,33000000,USD,-205757,-782441,-205757,-250000,1555900,18855007,-1145000,64225,-5476690,12280876,-6368374,None,628728,None,20000010,-380515,58757,329617,205757,None,None,None,2.28,2.01
4,2019-06-30,USD,2185861,7265556,2033822,152039,-4447969,-5055934,1987129,None,-5055934,None,2626339,None,-5079695,10301,0,0,23760,0,None,None,None,None,23761,None,-5055934,-5533841,None,USD,23005512,2964917,None,515661,3215087,19790425,None,535553,27604,-129682136,None,None,305418,3359730,3050866,None,None,None,5312152,14423025,None,16825458,None,1024146,None,8428223,1587271,None,None,None,None,None,None,None,305418,None,8582487,697510,None,None,164221,None,None,None,149444910,None,3359730,None,28000000,USD,-917343,-203407,-917343,-250000,None,0,-1145000,6448,-5055934,-6726107,-5808764,None,607965,None,None,-317997,-824387,382496,917343,None,None,None,4.09,2.28
5,2019-03-31,USD,1373370,7775700,1333480,39890,-5800672,-6359760,2516100,None,-6359760,None,3314370,None,-6349670,52662,0,0,42570,0,None,None,None,None,42568,None,-6359761,-6825530,None,USD,28412440,3083870,None,386561,3901540,24510900,None,624043,27600,-124626200,None,None,296600,10085840,3574560,533289,533289,None,5377450,19654530,None,21426983,None,199760,326988,8110230,1715744,None,None,None,None,None,None,None,296600,None,8757913,860277,None,None,326988,None,None,None,149109450,None,10085840,None,28000000,USD,-1303449,-1011626,-1303450,-250000,None,0,-1145000,266879,-6359760,-7177810,-5874360,None,559090,None,None,-828424,572577,489754,1303450,None,None,None,3.06,4.09
6,2018-12-31,USD,1979491,7601725,1679426,300065,-5622234,-5563859,3220372,0,-5563859,0,2168348,None,-5622234,10250,-204,None,None,None,0,0,0,0,58375,0,-5563859,-6032880,None,USD,35133640,3199663,None,1290925,4676665,30456925,None,612393,27591,-118266441,None,None,9192,17263643,4676665,None,None,None,4291690,27383095,250000,27257262,None,772336,None,7281802,2668241,None,None,None,None,None,None,None,None,None,None,None,None,None,None,None,None,None,148695780,None,17263640,None,27000000,USD,None,723038,-1600234,250000,None,18855007,-1145000,-400850,-5563859,-6208298,-4608064,None,579926,None,30039380,-720714,275323,474093,478675,None,None,None,4.81,3.06
7,2018-09-30,USD,1923400,6587936,1091064,832336,-4664536,-4797756,2468449,0,-4797756,0,2632890,None,-4664536,17809,-2937,None,None,None,0,0,0,0,-133220,0,-4797756,-5259790,None,USD,39177304,1294954,None,1253714,3582191,35595063,None,824361,27564,-112702582,None,None,219316,23471941,3582191,None,None,None,4075176,33337858,250000,34300109,None,1047659,None,6802593,1796062,None,None,None,None,None,None,None,None,None,None,None,None,None,None,None,None,None,None,None,None,None,28000000,USD,250000,-478887,-498139,-250000,None,28064000,None,-155483,-4797756,-5678885,-5180746,None,377725,None,None,-1627956,996867,420433,283272,None,None,None,6.55,4.81
8,2018-06-30,USD,2647583,8703144,1977410,670173,-6055561,-6148443,2564119,0,-6148443,0,3865311,None,-6055561,1316,-6977,None,None,None,0,0,0,0,-92882,0,-6148443,-6598719,None,USD,43667435,1375429,None,414431,4706686,38960699,None,765030,27337,-107904826,None,None,222154,29150826,4706686,None,None,None,4145514,37674338,250000,37585270,None,2044526,None,5273920,2619172,None,None,None,None,None,None,None,None,None,None,None,None,None,None,None,None,None,None,None,None,None,27000000,USD,None,959811,-634268,-250000,None,28064000,None,-3095,-6148443,-6917054,-6282786,None,294988,None,None,-1285962,-993189,894892,296702,None,None,None,7.45,6.55
9,2018-03-31,USD,1543895,6924047,1366770,177125,-5380152,-5365650,2055787,0,-5365650,0,3199326,None,-5380152,28542,-9213,None,None,None,0,0,0,0,14502,0,-5365650,-5804486,None,USD,47766398,1553412,None,126059,3181536,44584812,None,556201,27307,-101756378,None,None,1553000,36067880,3181536,124794,124794,None,4178799,42034187,None,43031400,None,1051337,None,4276330,1747419,None,None,None,None,None,None,None,None,None,None,None,None,None,None,None,None,None,None,None,None,None,26000000,USD,None,-1867559,-415153,-250000,None,28064375,-1975000,-36224,-5365650,21178244,-6470978,None,273622,None,30039375,-395355,420619,480318,306739,None,None,None,5.5,7.45
10,2017-12-31,USD,1597000,33927823,1891000,-2765618,-728515,-1250685,2333000,0,-1250685,0,5258000,None,-1662139,-1391551,10000,None,None,None,0,0,0,0,165658,0,-1250685,-1322243,None,USD,26833000,1466000,None,1029000,5453000,21380000,None,1705000,24000,-96472452,18000,None,1466000,14890000,5435000,152927,152927,None,4124000,21242573,None,19913449,None,1471956,None,3852000,3726000,None,None,None,None,None,None,None,None,None,None,None,None,None,None,None,None,None,None,None,None,None,21000000,USD,None,2940000,-2689425,-1008167,None,19511000,-1617679,289711,-19633502,355692,-16465706,None,998528,None,21128502,-2363130,-1368642,2983885,1681000,None,None,None,6.25,5.5
11,2017-09-30,USD,1405000,-14323991,1441000,1962065,-31390073,-31039966,1506000,0,-31039966,0,4028000,None,-29834033,2367634,13000,None,None,None,0,0,0,0,-796273,0,-31039966,-33912955,None,USD,18466000,962000,None,1568000,3311000,15155000,None,1464000,22000,-90592988,20000,None,962000,8677000,3291000,122533,122533,None,3885000,13618620,None,14192511,None,1218485,None,2843000,1820000,None,None,None,None,None,None,None,None,None,None,None,None,None,None,None,None,None,None,None,None,None,21000000,USD,None,825000,-826180,-250000,None,7917000,-650179,99854,-5502242,2547999,-4543142,None,251366,None,8567500,-498308,-594641,1619863,1198000,None,None,None,5.45,6.25
12,2017-06-30,USD,1325000,5316830,1695000,-1173287,16917491,16838961,1199000,0,16838961,0,3306000,None,16139471,-1187550,55000,None,None,None,0,0,0,0,494660,0,16838961,18482038,None,USD,15168000,759000,None,1144000,3250000,11918000,None,1251000,21000,-85090712,187000,None,759000,6129000,3063000,None,None,None,3586000,10822987,None,11159172,None,562844,163987,3407000,1809000,None,None,None,None,None,None,None,None,None,None,None,None,None,None,None,None,None,None,None,None,None,20000000,USD,None,721000,-550671,-150452,None,7917321,-650179,-34814,-4070099,-4266314,-3715643,None,242979,None,8567500,-680178,-242269,389944,663000,None,None,None,6.55,5.45
13,2017-03-31,USD,1211000,0,1001000,148760,-4181812,-4181812,1669000,0,-4181812,0,3936000,None,-4026208,239830,186000,None,None,None,0,0,0,0,-114638,0,-4181812,-4595276,None,USD,18309000,696000,None,763000,3362000,14947000,None,1653000,20000,-81020762,177000,None,696000,10396000,3185000,518374,518374,None,3413000,14200064,None,14251849,None,320575,150571,2720000,1003000,None,None,None,None,None,None,None,None,None,None,None,None,None,None,None,None,None,None,None,None,None,20000000,USD,None,-187690,-305089,-42315,None,7917321,-650179,178576,-4181812,-4138288,-3833199,None,457088,None,7917321,-69614,-217261,187514,263000,None,None,None,6.2,6.55
14,2016-12-31,USD,619000,20694903,1109000,-1120806,-7258099,-7973746,1826000,0,-7973746,0,4357000,None,-6986351,-424483,137000,None,None,None,0,-41012,0,0,-1088505,0,-7973746,-8419561,None,USD,22345000,750000,None,942000,4623000,17722000,None,1908000,20000,-76838950,201000,None,750000,14534000,4422000,1416480,1416480,None,3365000,18230053,None,16971488,None,103314,173131,2651000,1085000,None,None,None,None,None,None,None,None,None,None,None,None,None,None,None,None,None,None,None,None,None,17000000,USD,None,623000,-2186303,-147004,-76875,19240000,-1874485,366751,-19250082,2656886,-14396964,None,770668,None,21191513,-201278,222000,2213057,2039000,None,None,None,6.8,6.2
15,2016-09-30,USD,583000,0,766000,-1997682,-22241785,-22275802,2178000,0,-22275802,0,4292000,None,-22534828,969820,201000,None,None,None,0,123036,0,0,460793,0,-22275802,-24625615,None,USD,14968000,826000,None,1038000,4683000,10285000,None,1466000,17000,-70503959,329000,None,826000,5942000,4354000,1333709,1333709,None,3070000,11071515,None,9459167,None,119285,297919,3973000,1530000,None,None,None,None,None,None,None,None,None,None,None,None,None,None,None,None,None,None,None,None,None,17000000,USD,None,791000,-761141,-46541,2794,5758000,None,206398,-5035862,1355328,-3651020,None,435000,None,5764695,-501589,207000,17000,1551000,None,None,None,8.86,6.8
16,2016-06-30,USD,561000,0,630000,1069637,14674548,14775205,1669000,0,14775205,0,3520000,None,14649507,-662254,160000,None,None,None,0,-82024,0,0,-8509,0,14775205,16344609,None,USD,12882000,878000,None,1294000,4027000,8855000,None,1212000,16000,-65468097,272000,None,878000,4586000,3755000,1468396,1468396,None,2551000,9452744,None,7976708,None,101883,238799,3471000,1057000,None,None,None,None,None,None,None,None,None,None,None,None,None,None,None,None,None,None,None,None,None,16000000,USD,None,168000,-451226,-26125,-46731,-1731,None,-468603,-4103490,-3627522,-3174565,None,381694,None,45000,-64830,223000,11000,837000,None,None,None,7.55,8.86
17,2016-03-31,USD,364000,0,552000,-239138,-3742189,-3775739,1275000,0,-3775739,0,3288000,None,-3695853,169188,166000,None,None,None,0,20506,0,0,-46336,0,-3775739,-4169563,None,USD,15686000,951000,None,776000,3134000,12552000,None,936000,16000,-61364607,356000,None,951000,8214000,1443000,53636,53636,None,2283000,12452260,None,11602133,None,56461,1335000,3406000,438000,None,None,None,None,None,None,None,None,None,None,None,None,None,None,None,None,None,None,None,None,None,16000000,USD,None,-336246,-442149,-30709,-8479,-8479,None,202541,-3775739,-3663203,-3212575,None,373587,None,45000,-57026,269000,8000,411000,None,None,None,5.33,7.55
18,2015-12-31,USD,543000,14132650,455000,566186,-11382666,-13427478,1404000,0,-13427478,0,3071000,None,-11382666,54432,165000,None,None,None,0,13222,0,0,-2044812,0,-13427478,-14941559,None,USD,19563000,1017000,None,978000,3470000,16093000,None,832000,16000,-57588868,440000,None,1017000,11877000,1802000,55790,55790,None,2016000,16530211,None,15075836,None,325694,1228000,3349000,907000,None,None,None,None,None,None,None,None,None,None,None,None,None,None,None,None,None,None,None,None,None,15000000,USD,None,-1352757,-2084739,-191908,-326549,25545000,-214169,-140144,-13427478,11792091,-11668079,None,380841,None,1272627,-2650469,58000,4407309,1893000,None,None,None,7.59,5.33
19,2015-09-30,USD,970000,0,603000,0,0,0,945000,0,0,0,2535000,None,0,0,168000,None,None,None,0,0,0,0,0,0,0,0,None,USD,22132000,1101000,None,1649000,2745000,19387000,None,809000,16000,None,260000,None,1179000,16072000,1291000,None,None,None,805000,None,None,None,None,None,1194000,1762000,398000,None,None,None,None,None,None,None,None,None,None,None,None,None,None,None,None,None,None,None,None,None,16000000,USD,None,None,None,None,None,25582000,None,None,None,None,None,None,None,None,None,None,None,None,554000,None,None,None,4.68,7.59
