,fiscalDateEnding,reportedCurrency_x,totalRevenue,totalOperatingExpense,costOfRevenue,grossProfit,ebit,netIncome_x,researchAndDevelopment,effectOfAccountingCharges,incomeBeforeTax,minorityInterest,sellingGeneralAdministrative,otherNonOperatingIncome,operatingIncome,otherOperatingExpense,interestExpense,taxProvision,interestIncome,netInterestIncome,extraordinaryItems,nonRecurring,otherItems,incomeTaxExpense,totalOtherIncomeExpense,discontinuedOperations,netIncomeFromContinuingOperations,netIncomeApplicableToCommonShares,preferredStockAndOtherAdjustments,reportedCurrency_y,totalAssets,intangibleAssets,earningAssets,otherCurrentAssets,totalLiabilities,totalShareholderEquity,deferredLongTermLiabilities,otherCurrentLiabilities,commonStock,retainedEarnings,otherLiabilities,goodwill,otherAssets,cash,totalCurrentLiabilities,shortTermDebt,currentLongTermDebt,otherShareholderEquity,propertyPlantEquipment,totalCurrentAssets,longTermInvestments,netTangibleAssets,shortTermInvestments,netReceivables,longTermDebt,inventory,accountsPayable,totalPermanentEquity,additionalPaidInCapital,commonStockTotalEquity,preferredStockTotalEquity,retainedEarningsTotalEquity,treasuryStock,accumulatedAmortization,otherNonCurrrentAssets,deferredLongTermAssetCharges,totalNonCurrentAssets,capitalLeaseObligations,totalLongTermDebt,otherNonCurrentLiabilities,totalNonCurrentLiabilities,negativeGoodwill,warrants,preferredStockRedeemable,capitalSurplus,liabilitiesAndShareholderEquity,cashAndShortTermInvestments,accumulatedDepreciation,commonStockSharesOutstanding,reportedCurrency,investments,changeInLiabilities,cashflowFromInvestment,otherCashflowFromInvestment,netBorrowings,cashflowFromFinancing,otherCashflowFromFinancing,changeInOperatingActivities,netIncome_y,changeInCash,operatingCashflow,otherOperatingCashflow,depreciation,dividendPayout,stockSaleAndPurchase,changeInInventory,changeInAccountReceivables,changeInNetIncome,capitalExpenditures,changeInReceivables,changeInExchangeRate,changeInCashAndCashEquivalents,clossingVal,nextClossingVal
0,2020-06-30,USD,50658000,24754000,None,50658000,25904000,19562000,None,None,25904000,None,24754000,None,25904000,3515000,435000,6342000,41539000,41104000,None,None,None,6342000,None,None,19562000,19562000,None,USD,6463889000,1245000,4346651000,None,5655813000,808076000,None,5468412000,467351000,246958000,85474000,121673000,1387484000,500820000,5554582000,86170000,86170000,93767000,34061000,476291000,3708370000,685158000,3708370000,-24529000,None,None,None,None,None,467351000,None,246958000,None,None,2122249000,None,5987598000,15757000,None,101231000,101231000,None,None,None,None,6463889000,500820000,None,26933000,USD,-507017000,3589000,-506610000,None,33507000,691330000,668986000,-4679000,19562000,196192000,11472000,-13496000,5018000,-11116000,-47000,None,-3325000,124000,407000,-3325000,None,196192000,57.42,
1,2020-03-31,USD,46897000,24664000,None,46897000,22233000,16962000,None,None,22233000,None,24664000,None,22233000,3356000,442000,5271000,39991000,39549000,None,None,None,5271000,None,None,16962000,16962000,None,USD,5628126000,1318000,3912645000,None,4922580000,705546000,None,4799426000,465701000,238903000,53244000,121673000,1201777000,304628000,4852090000,52664000,None,942000,35403000,279824000,3210689000,582555000,3210689000,-24804000,None,None,None,None,None,465701000,None,238903000,None,None,1979219000,None,5348302000,17246000,None,70490000,70490000,None,None,None,None,5628126000,304628000,None,26932000,USD,-111904000,24753000,-113700000,-111904000,21736000,-9544000,-13195000,21128000,16962000,-68793000,54451000,5247000,6286000,-11104000,-6981000,None,-201000,1404000,1796000,-201000,None,-68793000,58.78,57.42
2,2019-12-31,USD,51158000,24209000,None,51158000,26899000,20728000,None,None,26949000,None,24209000,None,26949000,3198000,451000,6222000,39878000,39427000,None,None,None,6221000,-73000,None,20728000,20728000,None,USD,5619555000,1391000,3837691000,28797000,4888138000,731417000,None,4812621000,465460000,239135000,27453000,121673000,1200911000,373421000,4843549000,30928000,None,26822000,34597000,353937000,3816918000,608353000,3078846000,-19484000,None,43000,4812621000,None,None,465460000,None,239135000,None,None,1291039000,None,5265618000,17136000,None,44589000,44589000,None,None,None,None,5619555000,373421000,None,27062000,USD,-49469000,6907000,-50968000,-18303000,-14718000,-7291000,15998000,-5826000,20728000,-42218000,16041000,-11297000,5403000,-11093000,2522000,None,-3286000,-2414000,1499000,-3286000,None,-42218000,67.77,58.78
3,2019-09-30,USD,51049000,24033000,None,51049000,27016000,20390000,None,None,27016000,None,24033000,None,27016000,2724000,455000,6626000,39695000,39240000,None,None,None,6626000,-76000,None,20390000,20390000,None,USD,5616055000,1464000,3785126000,25511000,4902677000,713378000,None,4796623000,462653000,229500000,40687000,121673000,1209110000,415639000,4842269000,45646000,None,21225000,34080000,395811000,3776983000,590241000,2983767000,-19828000,None,43000,4796623000,None,None,462653000,None,229500000,None,None,1286044000,None,5220244000,19721000,None,60408000,60408000,None,None,None,None,5616055000,415639000,None,27014000,USD,-76227000,-24581000,-77297000,31166000,-8935000,49230000,66361000,-6641000,20390000,-2947000,25120000,21103000,5326000,-11063000,2867000,None,996000,1886000,1070000,996000,None,-2947000,62.18,67.77
4,2019-06-30,USD,51427000,25561000,None,51427000,25892000,19625000,None,None,25866000,None,25561000,26000,25866000,3624000,487000,6241000,39626000,39139000,None,None,None,6241000,-199000,None,19625000,19625000,None,USD,5523448000,1540000,3654428000,26507000,4830011000,693437000,None,4730262000,459369000,220173000,24662000,121673000,15375000,418586000,4784843000,54581000,None,13895000,34014000,398469000,3643888000,570224000,2775899000,-20117000,None,43000,4730262000,None,None,459369000,None,220173000,None,None,1323864000,None,5124979000,20506000,None,45168000,45168000,None,None,None,None,5523448000,418586000,None,26962000,USD,55501000,16797000,55742000,1273000,-3736000,-75048000,-62322000,311000,19625000,-3202000,16104000,-24610000,5043000,-11041000,2051000,None,-2560000,1809000,1032000,-2560000,None,-3202000,61.61,62.18
5,2019-03-31,USD,50568000,25183000,None,50568000,25409000,19646000,None,None,25385000,None,25183000,24000,25385000,3241000,494000,5739000,39483000,38989000,None,None,None,5739000,-310000,None,19646000,19646000,None,USD,5555961000,1619000,3636544000,23947000,4899194000,656767000,None,4792584000,455304000,211941000,30402000,121673000,1293991000,421788000,4850901000,58317000,None,-10478000,33934000,401311000,3625430000,533475000,2702240000,-20477000,17891000,43000,4792584000,None,None,455304000,None,211941000,None,None,1371994000,None,5154650000,17891000,None,48293000,48293000,None,None,None,None,5555961000,421788000,None,26901000,USD,50312000,-4430000,50226000,307000,7070000,-72159000,-74255000,-7957000,19646000,1504000,23437000,-1952000,4594000,-10745000,5771000,None,1887000,3692000,393000,1887000,None,1504000,61.8,61.61
6,2018-12-31,USD,56764000,31720000,514000,56764000,25058000,19055000,0,0,25044000,0,31720000,14000,25044000,9594000,514000,None,None,None,0,0,0,5989000,-447000,0,19055000,19055000,None,USD,5568526000,1929000,None,25834000,4952935000,615591000,None,4866839000,448351000,205841000,34849000,121673000,1307888000,420284000,4918086000,51247000,None,-38601000,34507000,398933000,3639279000,491989000,None,-21351000,None,350000,4866839000,None,None,448351000,None,205841000,None,None,1372205000,None,5169593000,None,None,34849000,34849000,None,None,None,None,5568526000,420284000,None,26730000,USD,-128936000,-4611000,-128511000,718000,-10509000,9930000,31002000,-7135000,19055000,-102376000,16205000,-2450000,5416000,-10691000,128000,None,None,895000,293000,-2100000,None,-102376000,55.68,61.8
7,2018-09-30,USD,48254000,27005000,527000,48254000,21233000,16993000,0,0,21249000,0,27005000,-16000,21249000,1469000,527000,None,None,None,0,0,0,4256000,-3366000,0,16993000,16993000,None,USD,5529463000,2376000,None,23734000,4936872000,592591000,0,4835837000,447785000,197477000,39279000,121673000,1301472000,522660000,4897593000,61756000,61756000,-52671000,35391000,500633000,3504607000,468542000,0,-22027000,0,620000,4835837000,0,0,447785000,0,197477000,0,None,1364783000,None,5028830000,None,None,39279000,39279000,None,None,None,None,5529463000,522660000,None,26727000,USD,-72695000,8815000,-71666000,1550000,-7138000,-65344000,-51285000,2264000,16993000,-106486000,30524000,-1550000,6301000,-10683000,3762000,0,0,-1233000,521000,1198000,None,-106486000,60.16,55.68
8,2018-06-30,USD,46892000,23977000,459000,46892000,22901000,18010000,0,0,22915000,0,23977000,-14000,22915000,1882000,459000,None,None,None,0,0,0,4905000,-453000,0,18010000,18010000,None,USD,5577844000,2827000,None,24932000,4991706000,586138000,0,4887122000,443338000,191167000,35690000,121673000,1308231000,629146000,4956016000,68894000,68894000,-48367000,35774000,606106000,3439650000,461638000,0,-23040000,0,939000,4887122000,0,0,443338000,0,191167000,0,None,1371814000,None,4971738000,None,None,35690000,35690000,None,None,None,None,5577844000,629146000,None,26649000,USD,36990000,-590000,36550000,456000,3538000,13565000,19255000,-1460000,18010000,73539000,23424000,-2790000,10879000,-10653000,1425000,0,0,309000,896000,-2394000,None,73539000,56.51,60.16
9,2018-03-31,USD,46003000,24214000,459000,46003000,21753000,17506000,0,0,21789000,0,24214000,-36000,21789000,2014000,459000,None,None,None,0,0,0,4283000,-570000,0,17506000,17506000,None,USD,5551036000,3280000,None,22538000,4968953000,582083000,0,4867867000,439817000,184185000,35730000,121673000,3752760000,555607000,4933223000,65356000,65356000,-41919000,35790000,532526000,3466257000,457130000,0,-23081000,0,1376000,4867867000,0,0,439817000,0,184185000,0,None,1391510000,None,5018510000,None,None,35730000,35730000,None,None,None,None,5551036000,555607000,None,26591000,USD,-88573000,3333000,-89936000,50000,6885000,44065000,40254000,1707000,17506000,-19395000,26476000,2474000,1603000,-10608000,7534000,0,1019000,541000,1413000,1019000,None,-19395000,58.08,56.51
10,2017-12-31,USD,54033000,30167000,471000,54033000,23866000,4160000,0,0,23866000,0,30167000,None,23866000,19651000,1427000,None,None,None,0,-1250000,0,19706000,-9244000,0,4160000,4160000,None,USD,5513046000,3850000,None,481743000,4922807000,590239000,0,4827613000,431734000,173804000,36723000,121673000,3636344000,575002000,4886084000,58471000,58471000,-15299000,35301000,2745500000,1158864000,464716000,2193507000,-23009000,0,1426000,4827613000,0,0,431734000,0,173804000,0,None,1447858000,None,2767546000,None,None,36723000,36723000,None,None,None,None,5513046000,2768509000,None,26425000,USD,-81886000,-11008000,-82627000,-1000,-7866000,80204000,93033000,-4779000,4160000,13245000,15668000,410000,7195000,-10558000,5595000,0,0,17692000,740000,-2781000,None,13245000,59.55,58.08
11,2017-09-30,USD,45220000,24114000,473000,45220000,21106000,15017000,0,0,21106000,0,24114000,None,21106000,-4771000,-3000,None,None,None,0,3750000,0,6089000,0,0,15017000,15017000,None,USD,5445808000,4605000,None,20776000,4841851000,603957000,0,4734580000,425655000,180202000,40934000,121673000,3585964000,561757000,4800917000,66337000,66337000,-1900000,35507000,2628606000,1204240000,477679000,2090477000,-23628000,0,1426000,4734580000,0,0,425655000,0,180202000,0,None,1451177000,None,2817202000,None,None,40934000,40934000,None,None,None,None,5445808000,2652234000,None,26319000,USD,-24369000,3740000,-25322000,-23000,-9432000,33015000,52010000,-1873000,15017000,32395000,24702000,-3024000,6752000,-10261000,698000,0,713000,1089000,930000,1128000,None,32395000,59.54,59.55
12,2017-06-30,USD,46710000,24396000,-480000,46710000,22314000,15799000,0,0,22314000,0,24396000,None,22314000,-1033000,-4000,None,None,None,0,-2500000,0,6515000,0,0,15799000,15799000,None,USD,5393350000,5365000,None,21904000,4797756000,595594000,0,4682570000,424479000,175446000,39417000,121673000,3532541000,529362000,4758339000,75769000,75769000,-4331000,35564000,2481415000,1261321000,468556000,1976156000,-24103000,0,1645000,4682570000,0,0,424479000,0,175446000,0,None,1488012000,None,2911935000,None,None,39417000,39417000,None,None,None,None,5393350000,2505518000,None,26304000,USD,-9234000,-2469000,-9444000,339000,2158000,-23119000,-15403000,596000,15799000,-17453000,15110000,-1580000,6309000,-10257000,383000,0,0,-790000,549000,-2159000,None,-17453000,56.04,59.54
13,2017-03-31,USD,44501000,24615000,480000,44501000,19886000,15049000,0,0,19886000,0,24615000,None,19886000,800000,480000,None,None,None,0,625000,0,4837000,0,0,15049000,15049000,None,USD,5395947000,6127000,None,None,4811059000,584888000,0,4697973000,422670000,170128000,39475000,121673000,3484800000,546815000,4771584000,73611000,73611000,-7910000,36025000,2415205000,1298414000,457088000,1893309000,-24919000,0,2136000,4697973000,0,0,422670000,0,170128000,0,None,1518503000,None,2980742000,None,None,39475000,39475000,None,None,None,None,5395947000,2440124000,None,26283000,USD,43493000,40000,44135000,1143000,14533000,15135000,-6768000,2336000,15049000,84544000,25274000,769000,5780000,-10223000,17593000,0,1744000,1892000,501000,1744000,None,84544000,55.83,56.04
14,2016-12-31,USD,44254000,24577000,500000,44254000,19677000,14453000,0,0,19677000,0,24577000,None,19677000,15535000,1593000,None,None,None,0,625000,0,5224000,-3507000,0,14453000,14453000,None,USD,5366083000,6927000,None,387369000,4804716000,561367000,0,4704741000,404606000,165302000,40897000,121673000,3537394000,462271000,4763819000,59078000,59078000,-8541000,36566000,2327075000,1346312000,432767000,1890758000,-25954000,0,3095000,4704741000,0,0,404606000,0,165302000,0,None,1527530000,None,3039008000,None,None,40897000,40897000,None,None,None,None,5366083000,2353029000,None,25907000,USD,-89215000,1407000,-92772000,-3038000,2720000,65217000,59710000,-1347000,14453000,-9096000,18459000,-322000,5669000,-10012000,12799000,0,0,-957000,519000,-1791000,None,-9096000,62.93,55.83
15,2016-09-30,USD,47743000,26088000,-541000,47743000,21655000,15628000,0,0,21655000,0,26088000,None,21655000,2367000,-570000,None,None,None,0,0,0,6027000,0,0,15628000,15628000,None,USD,5306778000,7789000,None,None,4743782000,562996000,0,4644870000,391601000,160861000,42554000,121673000,3457350000,471367000,4701228000,56358000,56358000,10534000,37059000,2207416000,1411019000,433534000,1762408000,-26359000,0,3032000,4644870000,0,0,391601000,0,160861000,0,None,1521822000,None,3099362000,None,None,42554000,42554000,None,None,None,None,5306778000,2233775000,None,25665000,USD,-137399000,101000,-133330000,4377000,-11494000,139582000,159544000,6716000,15628000,29582000,23330000,1155000,5469000,-9996000,1528000,0,475000,673000,308000,304000,None,29582000,50.88,62.93
16,2016-06-30,USD,44888000,25229000,541000,44888000,19659000,14546000,0,0,19659000,0,25229000,None,19659000,-3655000,1093000,None,None,None,0,0,0,5113000,0,0,14546000,14546000,None,USD,5179085000,8656000,None,None,4620758000,558327000,0,4485314000,389680000,155229000,67592000,121673000,3294729000,441785000,4553166000,67852000,67852000,13418000,37759000,1943910000,1473357000,427998000,1531035000,-28910000,0,4162000,4485314000,0,0,389680000,0,155229000,0,None,1593730000,None,3235175000,None,None,67592000,67592000,None,None,None,None,5179085000,1972820000,None,25632000,USD,-28430000,-3019000,-29356000,-218000,15401000,-17653000,-31044000,1024000,14546000,-29379000,17630000,1054000,4450000,-9997000,7987000,0,171000,1807000,708000,-1208000,None,-29379000,49.26,50.88
17,2016-03-31,USD,44824000,25858000,552000,44824000,18966000,14226000,0,0,18966000,0,25858000,None,18966000,905000,0,None,None,None,0,0,0,4740000,0,0,14226000,14226000,None,USD,5199868000,9526000,None,None,4660895000,538973000,0,4516750000,379893000,150928000,91694000,121673000,3238512000,471164000,4569201000,52451000,52451000,8152000,38045000,2027647000,1358139000,407774000,1585970000,-29487000,0,8438000,4516750000,0,0,379893000,0,150928000,0,None,1644838000,None,3172221000,None,None,91694000,91694000,None,None,None,None,5199868000,2057134000,None,25438000,USD,52314000,3445000,58195000,6164000,-577000,-38293000,-24090000,-5602000,14226000,38120000,18218000,-5602000,4011000,-9919000,-3707000,0,1379000,759000,283000,1379000,None,38120000,48.71,49.26
18,2015-12-31,USD,44630000,25504000,563000,44630000,19126000,14578000,0,0,19126000,0,25504000,None,19126000,16598000,2424000,None,None,None,0,625000,0,4548000,-3856000,0,14578000,14578000,None,USD,5168875000,10431000,None,274774000,4636670000,532205000,0,4540659000,378858000,150094000,42983000,121673000,3184249000,433044000,4593687000,53028000,53028000,3253000,38693000,1973489000,1316075000,400101000,1570216000,-29771000,0,9264000,4540659000,0,0,378858000,0,150094000,0,None,1708514000,None,3195386000,None,None,42983000,42983000,None,None,None,None,5168875000,2003260000,None,25528000,USD,-7430000,-2691000,-7855000,1774000,-4035000,159615000,173670000,-6886000,14578000,164457000,12697000,-1935000,3976000,-9956000,-64000,0,0,306000,425000,-1537000,None,164457000,46.75,48.71
19,2015-09-30,USD,45707000,26173000,585000,45707000,19534000,14857000,0,0,19534000,0,26173000,None,19534000,0,0,None,None,None,0,0,0,4677000,0,0,14857000,14857000,None,USD,5001395000,11379000,None,None,4467457000,533938000,0,4366920000,378649000,145513000,43474000,121673000,3142488000,268587000,4423983000,57063000,None,9776000,39244000,1810261000,1278814000,400886000,1571710000,-30036000,0,9269000,4366920000,0,0,378649000,0,145513000,0,None,1740024000,None,3191134000,None,None,43474000,43474000,None,None,None,None,5001395000,1840297000,None,25530000,USD,-20246000,670000,-20788000,1674000,-25684000,-23410000,12067000,None,14857000,-21019000,23179000,1171000,4308000,-9701000,-92000,0,757000,1470000,2216000,703000,None,-21019000,44.44,46.75
