,fiscalDateEnding,reportedCurrency_x,totalRevenue,totalOperatingExpense,costOfRevenue,grossProfit,ebit,netIncome_x,researchAndDevelopment,effectOfAccountingCharges,incomeBeforeTax,minorityInterest,sellingGeneralAdministrative,otherNonOperatingIncome,operatingIncome,otherOperatingExpense,interestExpense,taxProvision,interestIncome,netInterestIncome,extraordinaryItems,nonRecurring,otherItems,incomeTaxExpense,totalOtherIncomeExpense,discontinuedOperations,netIncomeFromContinuingOperations,netIncomeApplicableToCommonShares,preferredStockAndOtherAdjustments,reportedCurrency_y,totalAssets,intangibleAssets,earningAssets,otherCurrentAssets,totalLiabilities,totalShareholderEquity,deferredLongTermLiabilities,otherCurrentLiabilities,commonStock,retainedEarnings,otherLiabilities,goodwill,otherAssets,cash,totalCurrentLiabilities,shortTermDebt,currentLongTermDebt,otherShareholderEquity,propertyPlantEquipment,totalCurrentAssets,longTermInvestments,netTangibleAssets,shortTermInvestments,netReceivables,longTermDebt,inventory,accountsPayable,totalPermanentEquity,additionalPaidInCapital,commonStockTotalEquity,preferredStockTotalEquity,retainedEarningsTotalEquity,treasuryStock,accumulatedAmortization,otherNonCurrrentAssets,deferredLongTermAssetCharges,totalNonCurrentAssets,capitalLeaseObligations,totalLongTermDebt,otherNonCurrentLiabilities,totalNonCurrentLiabilities,negativeGoodwill,warrants,preferredStockRedeemable,capitalSurplus,liabilitiesAndShareholderEquity,cashAndShortTermInvestments,accumulatedDepreciation,commonStockSharesOutstanding,reportedCurrency,investments,changeInLiabilities,cashflowFromInvestment,otherCashflowFromInvestment,netBorrowings,cashflowFromFinancing,otherCashflowFromFinancing,changeInOperatingActivities,netIncome_y,changeInCash,operatingCashflow,otherOperatingCashflow,depreciation,dividendPayout,stockSaleAndPurchase,changeInInventory,changeInAccountReceivables,changeInNetIncome,capitalExpenditures,changeInReceivables,changeInExchangeRate,changeInCashAndCashEquivalents,clossingVal,nextClossingVal
0,2020-06-30,USD,119633000,75323000,None,119633000,44310000,34852000,None,None,44310000,None,75323000,None,44310000,15389000,32331000,9458000,149709000,117378000,None,None,None,9458000,None,None,34852000,34852000,None,USD,18175104000,310458000,3037266000,None,16184595000,1990509000,None,None,135744000,1403124000,30415000,302707000,13221636000,1364230000,3044586000,2800000000,None,12560000,250779000,14097656000,2947224000,1680051000,2063960000,12733426000,2800000000,None,244586000,None,None,135744000,None,1403124000,-1238292000,None,568987000,None,4077448000,None,None,13140009000,13140009000,None,None,None,1677373000,18175104000,1364230000,None,75706026,USD,-1070806000,41644000,-1080966000,1613000,-250000000,743525000,1010100000,-12304000,35442000,-277334000,60107000,-49672000,25870000,-16561000,-14000,None,-3916000,10739000,11773000,-3916000,None,-277334000,26.84,
1,2020-04-30,USD,None,None,None,None,None,None,None,None,None,None,None,None,None,15389000,None,None,None,None,None,None,None,9458000,None,None,None,34852000,None,USD,18175104000,7751000,None,None,16184595000,1990509000,None,None,135744000,1403124000,30415000,302707000,13221636000,1218240000,None,None,None,12560000,279911000,None,2891276000,1680051000,2063960000,49992000,2800000000,None,None,None,None,None,None,None,None,None,None,None,None,None,None,None,None,None,None,None,None,None,None,None,None,USD,-1080966000,0,-1080966000,10000000,-250000000,743525000,1010100000,-12304000,34852000,-277334000,60107000,None,25870000,-16561000,-40000,None,-3916000,12142000,11773000,None,None,None,26.74,26.84
2,2020-03-31,USD,127684000,79433000,None,127684000,48251000,37950000,None,None,48251000,None,79433000,None,48251000,15932000,42006000,10301000,159618000,117612000,None,None,None,10301000,None,None,37950000,37950000,None,USD,17375629000,310977000,2812449000,None,15389662000,1985967000,None,None,135742000,1406188000,41488000,302691000,12427128000,1651564000,3259754000,3050000000,None,6461000,245613000,1651564000,14639082000,1674990000,1693047000,46076000,3050000000,None,209754000,None,None,135742000,None,1406188000,-1238252000,None,528393000,None,15724065000,None,None,12129908000,12129908000,None,None,None,1675828000,17375629000,1651564000,None,75706100,USD,171923000,44390000,166230000,244000,786191000,867577000,176872000,-38378000,37950000,1011769000,-22038000,-95542000,-14811000,-16941000,-78545000,None,649000,5326000,5937000,649000,None,1011769000,25.96,26.74
3,2020-01-31,USD,None,None,None,None,None,None,None,None,None,None,None,None,None,15932000,None,None,None,None,None,None,None,10301000,None,None,None,37950000,None,USD,17375629000,8286000,None,None,15389662000,1985967000,None,None,135742000,1406188000,41488000,302691000,12427128000,1495574000,None,None,None,6461000,274648000,None,2613302000,1674990000,1693047000,46076000,3050000000,None,None,None,None,None,None,None,None,None,None,None,None,None,None,None,None,None,None,None,None,None,None,None,None,USD,166230000,0,166230000,-32000000,786191000,867577000,176872000,-38378000,37950000,1011769000,-22038000,None,-14811000,-16941000,-78610000,None,649000,6719000,5937000,None,None,None,34.0,25.96
4,2019-12-31,USD,166175000,82636000,None,166175000,83539000,65703000,None,None,83539000,None,82636000,None,83539000,16293000,45139000,17836000,164824000,119685000,None,None,None,17836000,-9287000,None,65703000,65703000,None,USD,16423161000,310477000,3000008000,46725000,14372252000,2050909000,None,19443000,135720000,1385179000,20899000,302231000,12296481000,607795000,2419215000,2250000000,None,15986000,245792000,607795000,14814205000,1740432000,1495586000,46725000,2250000000,9653000,169215000,None,None,135720000,None,1385179000,-1159642000,None,444892000,None,15815366000,None,None,11953037000,11953037000,None,None,None,1673666000,16423161000,607795000,None,78107870,USD,88517000,22159000,136471000,52885000,786191000,-145419000,-95557000,2842000,65703000,64647000,73595000,-3793000,15275000,-16433000,-33429000,None,2132000,-27881000,4931000,2132000,None,64647000,36.65,34.0
5,2019-10-31,USD,None,None,None,None,None,None,None,None,None,None,None,None,None,16293000,None,None,None,None,None,None,None,17836000,None,None,None,65703000,None,USD,16423161000,8246000,None,None,14372252000,2050909000,None,None,135720000,1385179000,20899000,302231000,12296481000,483805000,None,None,None,15986000,276012000,None,2856280000,1740432000,1495586000,46725000,2250000000,None,None,None,None,None,None,None,None,None,None,None,None,None,None,None,None,None,None,None,None,None,None,None,None,USD,136471000,0,136471000,-32000000,786191000,-145419000,-95557000,2842000,65703000,64647000,73595000,None,15275000,-16433000,-33479000,None,2132000,-26424000,4931000,None,None,None,36.46,36.65
6,2019-09-30,USD,135958000,70117000,None,138529000,None,52362000,None,None,65332000,None,50724000,None,68412000,16461000,49264000,12970000,169436000,120172000,None,None,None,12970000,-3080000,None,52362000,52362000,None,USD,16474910000,7879000,3075201000,48857000,14441915000,2032995000,None,5104000,135540000,1335909000,57830000,301368000,12362327000,419158000,13084085000,950000000,950000000,15292000,274015000,500099000,2929222000,1723748000,1485742000,48857000,2250000000,10095000,11990764000,None,None,None,None,None,-1126163000,None,None,None,None,None,None,None,None,None,None,None,1672417000,None,None,None,80000000,USD,140963000,1804000,140963000,10200000,-255000000,-76985000,214475000,5662000,52362000,129330000,65352000,None,10452000,-16569000,-19919000,None,-853000,-4082000,4685000,None,None,None,36.99,36.46
7,2019-07-31,USD,None,None,None,None,None,None,None,None,None,None,None,None,None,16461000,None,None,None,None,None,None,None,12970000,None,None,None,52362000,None,USD,16474910000,7879000,None,None,14441915000,2032995000,None,None,135540000,1335909000,57830000,301368000,12362327000,419158000,None,None,None,15292000,274015000,None,2929222000,1723748000,1485742000,48857000,2250000000,None,None,None,None,None,None,None,None,None,None,None,None,None,None,None,None,None,None,None,None,None,None,None,None,USD,140963000,1804000,140963000,10200000,-255000000,-76985000,214475000,5662000,52362000,129330000,65352000,None,10452000,-16569000,-19919000,None,-853000,-4082000,4685000,None,None,None,36.58,36.99
8,2019-06-30,USD,136061000,70898000,None,136061000,65163000,53854000,None,None,65163000,None,70898000,None,65163000,14423000,50160000,11309000,171826000,121666000,None,None,None,11309000,-2206000,None,53854000,53854000,None,USD,16468525000,309757000,3164214000,48004000,14455791000,2012734000,None,2364000,135527000,1300116000,33949000,301368000,12370970000,424018000,2621672000,2505000000,None,12137000,275640000,424018000,15045652000,1702977000,1507937000,48004000,2505000000,10112000,116672000,None,None,135527000,None,1300116000,-1106244000,None,413458000,None,16044507000,None,None,11834119000,11834119000,None,None,None,1671198000,16468525000,424018000,None,79398713,USD,21415000,42914000,19616000,2709000,-105000000,-69109000,85993000,-187000,53854000,10274000,59767000,-44506000,5682000,-15974000,-34128000,None,2786000,-963000,4508000,2786000,None,10274000,34.93,36.58
9,2019-03-31,USD,132938000,67967000,0,132938000,64971000,51098000,None,None,64971000,None,67967000,None,64971000,14630000,47512000,13873000,167582000,120070000,None,None,None,13873000,-1170000,None,51098000,51098000,None,USD,16435208000,310266000,3246101000,50790000,14430928000,2004280000,None,4180000,135507000,1262236000,25839000,301368000,12260856000,417944000,2682726000,2610000000,None,8634000,277010000,417944000,15052437000,1694014000,1545606000,50790000,2610000000,10631000,72726000,None,None,135507000,None,1262236000,-1071957000,None,377551000,None,16017264000,None,None,11748202000,11748202000,None,None,None,1669860000,16435208000,417944000,None,80435217,USD,-246671000,-11145000,-251150000,3296000,70000000,198659000,165420000,-11997000,51098000,-3821000,48670000,4644000,7536000,-16137000,-20624000,None,-2583000,-880000,7775000,-2583000,None,-3821000,28.89,34.93
10,2018-12-31,USD,138981000,71672000,42970000,138981000,67309000,52942000,0,None,67309000,None,71672000,None,67309000,16619000,43470000,None,None,None,None,None,None,14367000,-2542000,None,52942000,52942000,None,USD,16188126000,310776000,None,48207000,14205037000,1983089000,None,7388000,135496000,1227275000,21165000,301368000,12067462000,418965000,2622180000,2540000000,None,2891000,276683000,418965000,14794772000,1672313000,None,None,2540000000,11280000,82180000,None,None,135496000,None,1227275000,-1051239000,None,386930000,None,15769161000,None,None,11582857000,11582857000,None,None,None,1668666000,16188126000,418965000,None,81123582,USD,-326388000,-8678000,-330802000,14148000,210000000,285262000,138371000,4837000,52942000,14725000,60265000,16816000,7388000,-14638000,-48471000,None,None,-7291000,18562000,-912000,None,14725000,26.71,28.89
11,2018-09-30,USD,136958000,69617000,32401000,136958000,67341000,51515000,0,0,67341000,0,69617000,None,67341000,18071000,99724000,None,None,None,0,0,0,15826000,-3008000,0,51515000,51515000,None,USD,15865724000,311286000,None,47295000,13868816000,1996908000,0,11387146000,135343000,1188971000,57417000,301368000,11871872000,268650000,13811399000,2330000000,1680000000,8294000,267995000,1585411000,13161094000,1685622000,1314957000,1804000,650000000,14407000,94253000,0,0,135343000,0,1188971000,-1002309000,None,539938000,None,14280313000,None,None,57417000,57417000,None,None,None,1666609000,15865724000,1583607000,None,82710911,USD,-164557000,8546000,-170048000,-968000,-40000000,42372000,124536000,-3247000,51515000,-77269000,50407000,-7802000,7755000,-14906000,-27258000,0,0,-5982000,4523000,-3625000,None,-77269000,32.0,26.71
12,2018-06-30,USD,131471000,66977000,36220000,131471000,64494000,51394000,0,0,64494000,0,66977000,None,64494000,13591000,3442000,None,None,None,0,0,0,13100000,-2782000,0,51394000,51394000,None,USD,15766321000,311796000,None,43670000,13780058000,1986263000,0,None,135344000,1152362000,32632000,301368000,11692714000,474709000,2459953000,2370000000,2380141000,8137000,269674000,1734403000,13051366000,1674467000,1255401000,4293000,2370000000,11275000,89953000,0,0,135344000,0,1152362000,-975001000,None,399082000,None,14031918000,None,None,11320105000,11320105000,None,None,None,1665421000,15766321000,1730110000,None,83534098,USD,-57250000,-52018000,-61878000,5157000,45000000,130898000,140040000,-42698000,51394000,89111000,20091000,7919000,12224000,-14236000,-39906000,0,0,311000,9785000,261000,None,89111000,32.7,32.0
13,2018-03-31,USD,130560000,65787000,30828000,130560000,64773000,49271000,0,0,64773000,0,65787000,None,64773000,614000,1733000,None,None,None,0,0,0,15502000,-356000,0,49271000,49271000,None,USD,15633130000,312303000,None,43931000,13644457000,1988673000,0,11138856000,135334000,1115204000,180601000,301368000,3870942000,383798000,2464316000,2325000000,2333617000,8899000,265388000,1654483000,13000489000,1676370000,1269271000,1414000,2325000000,15904000,139316000,0,0,135334000,0,1115204000,-935039000,None,400467000,None,13978647000,None,None,11180141000,11180141000,None,None,None,1664275000,15633130000,1653069000,None,84749203,USD,-103677000,4268000,-108859000,1152000,-90000000,-6146000,154715000,3159000,49271000,-52905000,62100000,-1082000,11483000,-13812000,-57049000,0,0,-55000,6334000,-1785000,None,-52905000,34.6,32.7
14,2017-12-31,USD,122576000,61941000,30045000,122576000,60635000,51670000,0,0,60635000,0,61941000,None,60635000,12902000,30045000,None,None,None,0,0,0,8965000,-2774000,0,51670000,51670000,None,USD,15584013000,310578000,None,42146000,13574395000,2009618000,0,11001579000,135275000,1081517000,157816000,300288000,3884687000,440303000,2548892000,2415000000,2422623000,8004000,264643000,1686158000,12933002000,1699040000,1245855000,42146000,2415000000,17928000,133892000,0,0,135275000,0,1081517000,-877044000,None,389632000,None,13897855000,None,None,11025503000,11025503000,None,None,None,1661866000,15584013000,1686158000,None,86363099,USD,-334100000,2595000,-333660000,6925000,190000000,272199000,133940000,-6691000,51670000,-3357000,58104000,-10131000,15273000,-13043000,-38698000,0,0,-800000,6485000,-503000,None,-3357000,34.25,34.6
15,2017-09-30,USD,129618000,62649000,29308000,129618000,66969000,46104000,0,0,66969000,0,62649000,None,66969000,41906000,87891000,None,None,None,0,0,0,20865000,-9916000,0,46104000,46104000,None,USD,15253580000,298682000,None,41643000,13247892000,2005688000,0,10835008000,134958000,1042890000,187884000,293153000,3773536000,313070000,2356253000,2225000000,1395000000,5015000,263694000,1579279000,12591779000,1707006000,1266209000,41643000,2225000000,20658000,131253000,0,0,134958000,0,1042890000,-838060000,None,520146000,None,13674301000,None,None,10891639000,10891639000,None,None,None,1660885000,15253580000,1579279000,None,87193362,USD,-209941000,-9665000,-212327000,3534000,-50000000,108814000,223736000,-40001000,46104000,-46182000,57331000,15581000,12078000,-13178000,-51744000,0,0,-4050000,5920000,-2717000,None,-46182000,33.65,34.25
16,2017-06-30,USD,122413000,57062000,29101000,122413000,65351000,44112000,0,0,65351000,0,57062000,None,65351000,-4573000,630000,None,None,None,0,0,0,21239000,0,0,44112000,44112000,None,USD,15083998000,295695000,None,38926000,13062812000,2021186000,0,10634278000,134947000,1009964000,153534000,291503000,3781698000,484242000,2394833000,2275000000,2279032000,2478000,269511000,1754656000,12363991000,1725491000,1270414000,38926000,2275000000,19112000,119833000,0,0,134947000,0,1009964000,-786156000,None,400145000,None,13329342000,None,None,10667979000,10667979000,None,None,None,1659953000,15083998000,1754656000,None,88750133,USD,-31301000,-6020000,-26730000,9240000,125000000,81180000,-4978000,-16252000,44112000,92855000,38405000,-12991000,10832000,-13346000,-25496000,0,0,825000,4669000,1647000,None,92855000,33.2,33.65
17,2017-03-31,USD,120258000,57467000,26871000,120258000,62791000,42070000,0,0,62791000,0,57467000,None,62791000,8000000,-1141000,None,None,None,0,0,0,20721000,0,0,42070000,42070000,None,USD,14960676000,296070000,None,None,12945914000,2014762000,0,10630807000,134824000,979198000,165107000,291503000,3936987000,386387000,2272881000,2150000000,2150000000,2279000,271727000,1775169000,12223788000,1718692000,1388782000,40573000,2150000000,22543000,122881000,0,0,134824000,0,979198000,-760087000,None,393922000,None,13185507000,None,None,10673033000,10673033000,None,None,None,1658548000,14960676000,1775169000,None,89438563,USD,-215411000,-574000,-213032000,5999000,70000000,38492000,1938000,-471000,42070000,-132441000,42099000,1122000,6683000,-35573000,2127000,0,0,-4747000,3620000,-2455000,None,-132441000,33.1,33.2
18,2016-12-31,USD,115446000,54341000,29612000,115446000,61105000,41246000,0,0,61105000,0,54341000,None,61105000,-1600000,29612000,None,None,None,0,0,0,19859000,0,0,41246000,41246000,None,USD,14873654000,296468000,None,None,12874053000,1999601000,0,10647575000,134657000,972701000,146478000,291503000,4040119000,516028000,2202882000,2080000000,2080000000,-2832000,275749000,1957963000,11949076000,1703133000,1441935000,38118000,2080000000,22637000,122882000,0,0,134657000,0,972701000,-760071000,None,394398000,None,12915691000,None,None,10671171000,10671171000,None,None,None,1655146000,14873654000,1957963000,None,89272268,USD,-100605000,-25218000,-92447000,9410000,70000000,-948000,27497000,28461000,41246000,-51530000,41865000,13504000,12087000,-12422000,-16023000,0,0,695000,1252000,-449000,None,-51530000,34.35,33.1
