,fiscalDateEnding,reportedCurrency_x,totalRevenue,totalOperatingExpense,costOfRevenue,grossProfit,ebit,netIncome_x,researchAndDevelopment,effectOfAccountingCharges,incomeBeforeTax,minorityInterest,sellingGeneralAdministrative,otherNonOperatingIncome,operatingIncome,otherOperatingExpense,interestExpense,taxProvision,interestIncome,netInterestIncome,extraordinaryItems,nonRecurring,otherItems,incomeTaxExpense,totalOtherIncomeExpense,discontinuedOperations,netIncomeFromContinuingOperations,netIncomeApplicableToCommonShares,preferredStockAndOtherAdjustments,reportedCurrency_y,totalAssets,intangibleAssets,earningAssets,otherCurrentAssets,totalLiabilities,totalShareholderEquity,deferredLongTermLiabilities,otherCurrentLiabilities,commonStock,retainedEarnings,otherLiabilities,goodwill,otherAssets,cash,totalCurrentLiabilities,shortTermDebt,currentLongTermDebt,otherShareholderEquity,propertyPlantEquipment,totalCurrentAssets,longTermInvestments,netTangibleAssets,shortTermInvestments,netReceivables,longTermDebt,inventory,accountsPayable,totalPermanentEquity,additionalPaidInCapital,commonStockTotalEquity,preferredStockTotalEquity,retainedEarningsTotalEquity,treasuryStock,accumulatedAmortization,otherNonCurrrentAssets,deferredLongTermAssetCharges,totalNonCurrentAssets,capitalLeaseObligations,totalLongTermDebt,otherNonCurrentLiabilities,totalNonCurrentLiabilities,negativeGoodwill,warrants,preferredStockRedeemable,capitalSurplus,liabilitiesAndShareholderEquity,cashAndShortTermInvestments,accumulatedDepreciation,commonStockSharesOutstanding,reportedCurrency,investments,changeInLiabilities,cashflowFromInvestment,otherCashflowFromInvestment,netBorrowings,cashflowFromFinancing,otherCashflowFromFinancing,changeInOperatingActivities,netIncome_y,changeInCash,operatingCashflow,otherOperatingCashflow,depreciation,dividendPayout,stockSaleAndPurchase,changeInInventory,changeInAccountReceivables,changeInNetIncome,capitalExpenditures,changeInReceivables,changeInExchangeRate,changeInCashAndCashEquivalents,clossingVal,nextClossingVal
0,2020-06-30,USD,114375,8125645,86995,-86995,-8212640,-8204666,4330433,None,-8204666,None,3909587,None,-8212640,-114375,-7974,None,7974,7974,None,None,None,None,None,None,-8204666,-8204666,None,USD,26267412,None,None,662958,4770039,21497373,None,815760,417,-279943062,None,None,2410,23408940,3790379,None,None,None,408895,24177124,None,21497373,None,105226,None,None,2974619,None,None,417,None,-279943062,None,None,1681393,None,2090288,1783420,None,979660,979660,None,None,None,301440018,26267412,23408940,None,41685310,USD,0,501323,None,None,None,9320756,None,-283730,-8204666,3445023,-5875733,-292174,95930,None,9320756,None,-46053,2069907,0,-46053,None,3445023,2.82,
1,2020-03-31,USD,61475,8614131,39544,-39544,-8653675,-8597736,4575303,None,-8597736,None,4100303,None,-8653675,-61475,-55939,None,55939,55939,None,None,None,None,None,None,-8597736,-8597736,None,USD,22751475,None,None,352019,4440099,18311376,None,774822,381,-271738396,None,None,2410,19963917,3248118,None,None,None,504825,20375109,None,18311376,None,59173,None,None,2473296,None,None,381,None,-271738396,None,None,1871541,None,2376366,1954803,None,1191981,1191981,None,None,None,290049391,22751475,19963917,None,37952017,USD,0,-1261320,None,None,None,5619939,113060,-699521,-8597736,-1720172,-7340111,116976,121699,None,5619939,None,-29029,2309299,0,-29029,None,-1720172,0.743,2.82
2,2019-12-31,USD,45643,9509277,None,45643,-9471097,-9391398,5723059,None,-9391398,None,3786218,-7463,-9463634,-45643,-79699,None,79699,79699,None,None,None,None,-7463,None,-9391398,-9391398,None,USD,24883974,None,None,450231,5871100,19012874,None,734291,333,-263140660,None,None,2410,21684089,4468907,None,None,None,626524,22197464,None,19012874,None,63144,None,None,3734616,None,None,333,None,-263140660,None,None,2059986,None,2686510,2124484,None,1402193,1402193,None,None,None,282153201,24883974,21684089,None,33203806,USD,-12264,825635,-12264,None,None,4548657,4557693,437665,-9391398,-1115935,-5652328,177074,128962,None,-9036,None,-12644,2620043,12264,-12644,None,-1115935,1.77,0.743
3,2019-09-30,USD,40500,8342569,None,40500,-8302069,-8184227,5190056,None,-8184227,None,3152513,None,-8302069,-40500,-117842,None,117842,117842,None,None,None,None,117842,None,-8184227,-8184227,None,USD,26479498,None,None,596543,5201463,21278035,None,682163,309,-253749262,None,None,2410,22800024,3591144,None,None,None,750685,23482067,None,21278035,None,85500,None,None,2908981,None,None,309,None,-253749262,None,None,2246746,None,2997431,2292482,None,1610319,1610319,None,None,None,275026988,26479498,22800024,None,30844921,USD,-11124,-529396,-11124,None,None,147809,127030,-882103,-8184227,-6408221,-6544906,-68361,175403,None,147809,None,-38000,2099675,11124,-38000,None,-6408221,3.315,1.77
4,2019-06-30,USD,47500,9994156,None,47500,-9946656,-9803996,5515017,None,-9803996,None,4479139,None,-9946656,-47500,-142660,None,142660,142660,None,None,None,None,142660,None,-9803996,-9803996,None,USD,30780695,None,None,607576,3565917,27214778,None,127540,306,-245565035,None,None,2410,29208245,3565917,None,None,None,914964,29863321,None,27214778,None,47500,None,None,3438377,None,None,306,None,-245565035,None,None,2410,None,917374,127540,None,None,0,None,None,None,272779507,30780695,29208245,None,30603534,USD,-11562,-275448,-11562,None,None,145422,-20780,52812,-9803996,-6920874,-7054734,-33868,241495,None,145422,None,19150,2797933,11562,19150,None,-6920874,4.37,3.315
5,2019-03-31,USD,66500,11162041,None,66500,-11095541,-11019468,6800678,None,-11019468,None,4361363,None,-11095541,-66500,-76073,None,76070,76073,None,None,None,None,76073,None,-11019468,-11019468,None,USD,38120505,None,None,777429,4045086,34075419,None,331261,303,-235761039,None,None,2410,36129119,4045086,331261,331261,None,1144897,36973198,None,34075419,None,66650,None,None,3713825,None,None,303,None,-235761039,None,None,2410,None,1147307,331261,None,None,0,None,None,None,269836155,38120505,36129119,None,30328549,USD,-161249,74091,-161249,None,None,23553060,-339366,144417,-11019468,16022634,-7369177,191540,235368,None,23892426,None,-22100,3171392,161249,-22100,None,16022634,6.34,4.37
6,2018-12-31,USD,56050,12579970,0,56050,-12523920,-12453003,8067461,0,-12453003,0,4512509,None,-12523920,-81050,-70917,None,None,None,0,0,0,0,70917,0,-12453003,-12453003,None,USD,22010169,None,None,637708,3639734,18370435,None,None,265,-224741571,None,None,2410,20106485,3639734,None,None,None,1219016,20788743,None,18370435,None,44550,None,None,3639734,None,None,265,None,-224741571,None,None,2410,None,1221426,None,None,None,None,None,None,None,243111741,22010169,20106485,None,26526303,USD,None,-98927,-298026,None,None,-18600,531800,-70108,-12453003,-8445385,-8128759,55736,254202,None,-18600,None,164223,3949010,298026,164223,None,-8445385,5.79,6.34
7,2018-09-30,USD,228000,12879961,12633000,228000,-12651961,-12645291,8442698,0,-12645291,0,4437263,None,-12651961,-228000,-6670,None,None,None,0,0,0,0,6670,0,-12645291,-12645291,None,USD,30646189,0,None,605490,3753161,26893028,0,14500,259,-212288568,None,0,125060,28551870,3753161,None,None,None,1154996,29366133,None,26893028,0,208773,0,0,3738661,0,0,259,0,-212288568,0,None,125060,None,1280056,None,None,None,None,None,None,None,239181337,30646189,28551870,None,26059350,USD,None,-480874,-12993,0,None,515820,None,53926,-12645291,-8524311,-9027138,-16724,266095,0,515820,0,-3000,3852656,12993,-3000,None,-8524311,10.12,5.79
8,2018-06-30,USD,205773,12510139,12235000,205773,-12304366,-12298371,7639974,0,-12298371,0,4870165,None,-12304366,-205773,-5995,None,None,None,0,0,0,0,5995,0,-12298371,-12298371,None,USD,39389378,0,None,670734,4219535,35169843,0,1834000,254,-199643277,None,0,48788,37076181,4219535,None,None,None,1387902,37952688,None,35169843,0,205773,0,0,4219535,0,0,254,0,-199643277,0,None,48788,None,1436690,None,None,None,None,None,None,None,234812866,39389378,37076181,None,25561610,USD,None,133019,-310189,0,None,172050,None,-284603,-12298371,-7781554,-7643415,64339,295491,0,172050,0,-180773,4342880,310189,-180773,None,-7781554,14.83,10.12
9,2018-03-31,USD,25000,13474163,13175000,25000,-13449163,-13443457,8721552,0,-13443457,0,4752611,None,-13449163,0,-5706,None,None,None,0,0,0,0,5706,0,-13443457,-13443457,None,USD,47039800,0,None,735073,4086516,42953284,0,2183000,253,-187344906,None,0,68984,44857735,4086516,None,None,None,1353008,45617808,None,42953284,0,25000,0,0,4086516,0,0,253,0,-187344906,0,None,68984,None,1421992,None,None,None,None,None,None,None,230297937,47039800,44857735,None,25415798,USD,None,439801,-238611,0,None,40028803,None,932481,-13443457,32062481,-7727711,372021,319716,0,40028803,0,-25000,4609208,238611,-25000,None,32062481,16.03,14.83
10,2017-12-31,USD,29135,11267948,10958000,29135,-11238813,-11236477,7442047,0,-11236477,0,3825901,None,-11238813,0,-2336,None,None,None,0,0,0,0,10953,0,-11236477,-11236477,None,USD,15405445,0,None,1107094,3646715,11758730,0,1622000,225,-173901449,None,0,89000,12795254,3646715,None,None,None,1413917,13902348,None,11758730,0,None,0,0,3646715,0,0,225,0,-173901449,0,None,89180,None,1503097,None,None,None,None,None,None,None,185659954,15405445,12795254,None,22584588,USD,None,88333,-299501,0,None,414190,-67388,417800,-11236477,-7428605,-7543294,-306379,330780,0,414190,0,149000,3329949,299501,250500,None,-7428605,19.45,16.03
11,2017-09-30,USD,250000,13001623,12684000,250000,-12751623,-12748248,8743434,0,-12748248,0,4258189,None,-12751623,0,-3375,None,None,None,0,0,0,0,0,0,-12748248,-12748248,None,USD,23108950,0,None,877579,3857882,19251068,0,29136,220,-162664972,None,0,109000,20223859,3857882,None,None,None,1724500,21275074,None,19251068,0,283012,0,0,3828746,0,0,220,0,-162664972,0,None,None,None,1724500,None,None,None,None,None,None,None,181915820,23108950,20223859,None,22162643,USD,None,-194821,-97754,0,None,15168254,-67388,118865,-12748248,7139499,-7931001,105745,337607,0,15168254,0,0,4568716,97754,None,None,7139499,12.66,19.45
12,2017-06-30,USD,299506,13220879,12866000,299506,-12921373,-12919010,8692003,0,-12919010,0,4528876,None,-12921373,0,-2363,None,None,None,0,0,0,0,0,0,-12919010,-12919010,None,USD,16315049,0,None,997144,4052703,12262346,0,29136,207,-149916724,None,0,136000,13084360,4052703,None,None,None,1944157,14234944,None,12262346,0,289388,0,0,4023567,0,0,207,0,-149916724,0,None,None,None,1944157,None,None,None,None,None,None,None,162178863,16315049,13084360,None,20862152,USD,None,-610118,-340425,0,None,926255,-67388,-169428,-12919010,-8362528,-8948358,-162311,375618,0,926255,0,0,4365963,340425,1500,None,-8362528,16.26,12.66
13,2017-03-31,USD,575368,13051387,12724000,575368,-12476745,-12473140,8353184,0,-12473140,0,4698203,-726,-12476019,0,-3605,None,None,None,0,0,0,0,0,0,-12473140,-12473140,None,USD,24551959,0,None,845410,4662821,19889138,0,56366,204,-136997714,None,0,166000,21446888,4662821,None,None,None,1959154,22427042,None,19889138,0,300507,0,0,4606455,0,0,204,0,-136997714,0,None,None,None,1959154,None,None,None,None,None,None,None,156886648,24551959,21446888,None,20583700,USD,None,-2044896,-76968,2800,None,272864,-67388,727215,-12473140,-9811749,-10007645,727215,346759,0,272864,0,0,3538917,79768,-102500,None,-9811749,15.6,16.26
14,2016-12-31,USD,129786,14744905,14416000,129786,-14615119,-14611234,9751759,0,-14611234,0,4993146,None,-14615119,0,-3885,None,None,None,0,0,0,0,13326,0,-14611234,-14611234,None,USD,35258940,0,None,1592821,6707717,28551223,0,131959,202,-124524574,None,0,186000,31258637,6707717,None,None,None,2209475,32863506,None,28551223,0,198007,0,0,6575758,0,0,202,0,-124524574,0,None,None,None,2209475,None,None,None,None,None,None,None,153075595,35258940,31258637,None,20367929,USD,None,1229418,-279001,0,None,15204065,-211676,-156897,-14611234,6302382,-8622682,-168052,349419,0,15204065,0,-149500,4102267,279001,475500,None,6302382,16.85,15.6
15,2016-09-30,USD,1003973,11131994,10878000,1003973,-10128021,-10125063,7944465,0,-10125063,0,3187529,None,-10128021,0,-2958,None,None,None,0,0,0,0,0,0,-10125063,-10125063,None,USD,29034924,0,None,1444965,5178799,23856125,0,112245,189,-109913340,None,0,207000,24956255,5178799,None,None,None,1960197,26868572,None,23856125,0,673507,0,0,5066554,0,0,189,0,-109913340,0,None,None,None,1960197,None,None,None,None,None,None,None,133769276,29034924,24956255,None,18999193,USD,None,479354,-532713,0,None,19790380,-312680,-386950,-10125062,10764943,-8492724,-386950,274237,0,20103060,0,0,1860697,532713,-595000,None,10764943,19.61,16.85
16,2016-06-30,USD,181818,10468990,10285000,181818,-10287172,-10284555,7462360,0,-10284555,0,3006630,None,-10287172,0,-2617,None,None,None,0,0,0,0,0,0,-10284555,-10284555,None,USD,17029555,0,None,1078211,4699445,12330110,0,211818,169,-99788278,None,0,227000,14191312,4699445,None,None,None,1681525,15121679,None,12330110,0,78507,0,0,4487627,0,0,169,0,-99788278,0,None,None,None,1681525,None,None,None,None,None,None,None,112118219,17029555,14191312,None,16988703,USD,None,-951348,-205362,0,None,307254,-312680,-149683,-10284556,-9519354,-9621246,-149683,202664,0,307254,0,0,1591677,205362,-30000,None,-9519354,12.95,19.61
17,2016-03-31,USD,136364,10936772,10745000,136364,-10800408,-10796542,7674093,0,-10796542,0,3262679,None,-10800408,0,-3866,None,None,None,0,0,0,0,0,0,-10796542,-10796542,None,USD,26366528,0,None,945901,5650793,20715735,0,363636,163,-89503722,None,0,249000,23710666,5650793,None,None,None,1658631,24458527,None,20715735,0,51330,0,0,5287157,0,0,163,0,-89503722,0,None,None,None,1658631,None,None,None,None,None,None,None,110219294,26366528,23710666,None,16488977,USD,None,2249941,-120370,0,None,284067,None,None,-10796542,-6161898,-6325595,55172,212300,0,284067,0,0,1953534,120370,None,None,-6161898,10.1,12.95
18,2015-12-31,USD,425000,8887452,8688000,2500000,-8887452,-8884180,6140835,0,-8884180,0,2746617,None,-8887452,0,-3272,None,None,None,0,0,0,0,15637,0,-8884180,-8884180,None,USD,32675528,0,None,1021269,3400852,29274676,0,1076000,161,-78707180,None,0,269000,29872564,3400852,None,None,None,1730365,30675597,None,29274676,0,51330,0,0,3400852,0,0,161,0,-78707180,0,None,None,None,1730365,None,None,None,None,None,None,None,107981695,32675528,29872564,None,16298208,USD,None,638956,-300161,0,12611,19208203,19048456,97079,-8884180,14362375,-4545667,-165830,220408,0,159747,0,-149500,1644979,300161,None,None,14362375,7.91,10.1
19,2015-09-30,USD,2075000,7683317,7479000,2075000,-5608317,-5605661,4758590,0,-5605661,0,2924727,None,-5608317,0,-2656,None,None,None,0,0,0,0,0,0,-5605661,-5605661,None,USD,20067570,0,None,888034,2761896,17305674,0,987000,131,-69823000,None,0,278000,15510189,2761896,None,None,None,1630416,18159791,None,17305674,0,2038931,0,0,2761896,0,0,131,0,-69823000,0,None,None,None,1630416,None,None,None,None,None,None,None,87128543,20067570,15510189,None,13154948,USD,None,824886,-219722,0,None,181511,183000,None,-5605661,-4998079,-4959868,89826,223412,0,181511,0,0,1507669,219722,-2000000,None,-4998079,6.9,7.91
