,fiscalDateEnding,reportedCurrency_x,totalRevenue,totalOperatingExpense,costOfRevenue,grossProfit,ebit,netIncome_x,researchAndDevelopment,effectOfAccountingCharges,incomeBeforeTax,minorityInterest,sellingGeneralAdministrative,otherNonOperatingIncome,operatingIncome,otherOperatingExpense,interestExpense,taxProvision,interestIncome,netInterestIncome,extraordinaryItems,nonRecurring,otherItems,incomeTaxExpense,totalOtherIncomeExpense,discontinuedOperations,netIncomeFromContinuingOperations,netIncomeApplicableToCommonShares,preferredStockAndOtherAdjustments,reportedCurrency_y,totalAssets,intangibleAssets,earningAssets,otherCurrentAssets,totalLiabilities,totalShareholderEquity,deferredLongTermLiabilities,otherCurrentLiabilities,commonStock,retainedEarnings,otherLiabilities,goodwill,otherAssets,cash,totalCurrentLiabilities,shortTermDebt,currentLongTermDebt,otherShareholderEquity,propertyPlantEquipment,totalCurrentAssets,longTermInvestments,netTangibleAssets,shortTermInvestments,netReceivables,longTermDebt,inventory,accountsPayable,totalPermanentEquity,additionalPaidInCapital,commonStockTotalEquity,preferredStockTotalEquity,retainedEarningsTotalEquity,treasuryStock,accumulatedAmortization,otherNonCurrrentAssets,deferredLongTermAssetCharges,totalNonCurrentAssets,capitalLeaseObligations,totalLongTermDebt,otherNonCurrentLiabilities,totalNonCurrentLiabilities,negativeGoodwill,warrants,preferredStockRedeemable,capitalSurplus,liabilitiesAndShareholderEquity,cashAndShortTermInvestments,accumulatedDepreciation,commonStockSharesOutstanding,reportedCurrency,investments,changeInLiabilities,cashflowFromInvestment,otherCashflowFromInvestment,netBorrowings,cashflowFromFinancing,otherCashflowFromFinancing,changeInOperatingActivities,netIncome_y,changeInCash,operatingCashflow,otherOperatingCashflow,depreciation,dividendPayout,stockSaleAndPurchase,changeInInventory,changeInAccountReceivables,changeInNetIncome,capitalExpenditures,changeInReceivables,changeInExchangeRate,changeInCashAndCashEquivalents,clossingVal,nextClossingVal
0,2020-07-31,USD,1061967000,1078721000,284277000,777690000,56424000,-28016000,418681000,None,-28207000,None,375763000,None,-16754000,None,None,-191000,None,None,None,None,None,-191000,-11453000,None,-28016000,-28016000,None,USD,7501451000,276847000,None,None,4662973000,2838478000,223996000,None,238000,-2813943000,86247000,1819261000,266324000,1239696000,2553115000,None,37500000,646000,1282089000,3714181000,None,726088000,1513842000,694289000,1752004000,None,57764000,None,None,None,None,None,None,None,185077000,None,3787270000,347405000,None,21782000,2109858000,None,None,None,None,None,None,None,None,USD,-202638000,-13243000,-202638000,None,55000,70780000,-215000,-90815000,-28016000,26123000,157210000,None,73178000,None,None,None,None,283545000,66555000,None,None,None,180.92,
1,2020-04-30,USD,1018385000,1162842000,305630000,1018385000,-155430000,-158368000,443484000,None,-155430000,None,413728000,-10973000,-144457000,305630000,17539000,2938000,7867000,-9672000,None,None,None,2938000,-1301000,None,-158368000,-158368000,None,USD,7227503000,292592000,None,267142000,4625499000,2602004000,214353000,2082842000,235000,-2785927000,91570000,1819261000,281298000,1214213000,2770963000,266137000,266137000,57526000,937008000,3450367000,119626000,490151000,1384793000,584219000,1508784000,None,421984000,None,None,235000,None,-2785927000,None,None,513922000,214353000,3777136000,324946000,1508784000,345752000,1854536000,None,None,None,5330170000,7227503000,2599006000,None,233000000,USD,-220199000,-23886000,-277347000,-54661000,497794000,499331000,-2040000,413000,-158368000,485667000,263683000,-172361000,86354000,None,3577000,None,None,241042000,2487000,290902000,None,485667000,153.9,180.92
2,2020-01-31,USD,976299000,1902879000,284775000,1756782000,-129213000,-127958000,422211000,None,-129213000,None,415410000,16884000,-146097000,1065258000,16406000,-1255000,8876000,-7530000,None,None,None,-1255000,24414000,None,-127958000,-127958000,None,USD,6816365000,308401000,None,272471000,4329814000,2486551000,222395000,2289325000,231000,-2627359000,101018000,1819261000,274098000,731141000,2969404000,244319000,244319000,23492000,936179000,3094622000,75004000,358889000,1213432000,877578000,1017967000,None,435760000,None,None,231000,None,-2627359000,None,None,435507000,222395000,3721743000,307572000,1017967000,342443000,1360410000,None,None,None,5090187000,6816365000,1944573000,None,227000000,USD,-29961000,9430000,-541381000,-704001000,497794000,62209000,-144000,-92849000,-127958000,-182058000,297114000,445747000,23863000,None,62353000,None,-262280000,208312000,192581000,-262280000,None,-182058000,184.63,153.9
3,2019-10-31,USD,938100000,777420000,270930000,667170000,-114386000,-115729000,401742000,None,-114386000,None,375678000,-4136000,-110250000,None,16205000,1343000,10803000,-5402000,None,None,None,1343000,1266000,None,-115729000,-115729000,None,USD,6155645000,262018000,None,235316000,3836466000,2319179000,189683000,1862639000,229000,-2499401000,101339000,1389349000,241959000,912748000,2491389000,241294000,241294000,24619000,929667000,2955420000,70844000,667812000,1191848000,615508000,1006358000,None,387456000,None,None,229000,None,-2499401000,None,None,429508000,189683000,3200225000,304695000,1006358000,338719000,1345077000,None,None,None,4793732000,6155645000,2104596000,None,228000000,USD,109554000,43654000,32559000,-63652000,-3000,1602000,-175000,14764000,-115729000,292163000,258002000,17448000,108760000,None,1780000,None,2197000,201672000,76995000,2197000,None,292163000,162.16,184.63
4,2019-07-31,USD,887752000,743915000,266334000,621418000,-122603000,-120712000,378122000,None,-122603000,None,365793000,-106000,-122497000,None,14473000,-1891000,11239000,-3234000,None,None,None,-1891000,3128000,None,-120712000,-120712000,None,USD,5992156000,277953000,None,249087000,3781871000,2210285000,182580000,1861977000,227000,-2383672000,103744000,1389349000,241515000,619514000,3434264000,1233189000,1233189000,32458000,919523000,2789032000,61258000,542983000,1307006000,613425000,None,None,339098000,None,None,227000,None,-2383672000,None,None,433719000,182580000,3203124000,309417000,None,347607000,347607000,None,None,None,4561272000,5992156000,1926520000,None,226000000,USD,-202654000,-55477000,-320745000,-8366000,-27000,57951000,-107000,-86410000,-120712000,-162475000,100319000,25575000,104057000,None,58085000,None,-73437000,220313000,109725000,-73437000,None,-162475000,199.98,162.16
5,2019-04-30,USD,825055000,705222000,243219000,581836000,-116245000,-116275000,347831000,None,-116245000,None,357391000,7141000,-123386000,None,11601000,30000,1147000,-1251000,None,None,None,30000,8392000,None,-116275000,-116275000,None,USD,5824174000,293897000,None,230378000,3779426000,2044748000,179616000,1798549000,225000,-2262960000,106803000,1379125000,247686000,781772000,2443079000,235408000,235408000,13113000,885789000,2665134000,52879000,371726000,1110141000,542843000,983507000,None,409122000,None,None,225000,None,-2262960000,None,None,420468000,179616000,3158895000,310144000,983507000,352840000,1336347000,None,None,None,4294370000,5824174000,1891913000,None,223000000,USD,-13157000,22906000,-67355000,50971000,-27000,3362000,-93000,-2189000,-116275000,145170000,209163000,-142690000,93632000,None,3455000,None,157379000,194211000,105169000,157379000,None,145170000,205.63,199.98
6,2019-01-31,USD,788628000,908911000,233748000,788628000,-105133000,-104361000,239679000,0,-105133000,0,337758000,15150000,-120283000,331474000,12044000,-772000,None,None,0,0,0,-772000,18656000,0,-104361000,-104361000,None,USD,5520746000,313240000,None,217498000,3562304000,1958442000,183518000,1837618000,221000,-2146304000,159349000,1379125000,251451000,638554000,2430691000,232514000,232514000,-809000,796907000,2700596000,50546000,266077000,1139864000,704680000,972264000,None,360559000,None,None,221000,None,-2146304000,None,None,147360000,183518000,2820150000,None,972264000,159349000,1131613000,None,None,None,4105334000,5520746000,1778418000,None,217000000,USD,-110888000,-1362000,-202426000,8472000,-22000,49409000,-72000,-81068000,-104361000,97496000,250513000,303304000,91036000,None,49503000,None,-215092000,176750000,99980000,-215092000,181000,97677000,181.53,205.63
7,2018-10-31,USD,743189000,925944000,223001000,743189000,-156138000,-153331000,318003000,0,-156138000,0,384940000,26617000,-182755000,223001000,-12348000,None,None,None,0,0,0,-2807000,3617000,0,-153331000,-153331000,None,USD,5000299000,332583000,None,203096000,3167150000,1833149000,151150000,1460650000,220000,-2041823000,150126000,1377615000,232196000,540430000,2055885000,229684000,229684000,3768000,735443000,2271279000,40203000,122951000,1041709000,486044000,961139000,0,365551000,0,0,220000,0,-2041823000,-178801000,None,132229000,151150000,2729020000,None,None,1111265000,1111265000,None,None,None,4049785000,5000299000,1582139000,None,218000000,USD,272558000,51748000,-1268079000,-1447611000,-41300000,2704000,-60000,24685000,-153331000,-1151079000,114296000,-19832000,88530000,0,44064000,0,-9379000,156981000,92729000,-9379000,-213000,-1151292000,133.02,181.53
8,2018-07-31,USD,671720000,760702000,200230000,671720000,-87369000,-86156000,292840000,0,-87369000,0,267632000,1613000,-88982000,200230000,-17515000,None,None,None,0,0,0,-1213000,1613000,0,-86156000,-86156000,None,USD,4765060000,35927000,None,171447000,2989836000,1775224000,140423000,1393848000,218000,-1887995000,125757000,175073000,217696000,1693743000,1913947000,226877000,226877000,-12431000,678525000,3614038000,32405000,1564224000,1291352000,457496000,950132000,0,293222000,0,0,218000,0,-1887995000,-193679000,None,121074000,140423000,1151022000,None,None,1075889000,1075889000,None,None,None,3869111000,4765060000,2985095000,None,216000000,USD,1042989000,112860000,912307000,-27737000,-311319000,-311378000,-59000,-44571000,-86156000,658545000,57616000,-83276000,76716000,0,0,0,-104758000,142169000,102883000,-104758000,-162000,658383000,124.02,133.02
9,2018-04-30,USD,618643000,689907000,177971000,618643000,-75112000,-74410000,361310000,0,-75112000,0,248352000,-3848000,-71264000,80245000,-18302000,None,None,None,0,0,0,-702000,-3848000,0,-74410000,-74410000,None,USD,4927832000,29146000,None,160932000,3270532000,1657300000,95270000,1319794000,215000,-1801839000,134636000,159398000,204791000,1036045000,2196654000,570251000,570251000,-30766000,611293000,3880809000,31605000,1468756000,2329623000,354209000,939242000,0,306609000,0,0,215000,0,-1801839000,0,None,110938000,136248000,1047023000,None,None,978608000,1073878000,None,None,None,3489690000,4927832000,3365668000,None,213000000,USD,-196850000,-102474000,-284586000,-11000,2611000,2554000,-57000,7509000,-74410000,-97799000,184233000,-4118000,72803000,0,0,0,168702000,123370000,88095000,168702000,-420000,-98219000,124.84,124.02
10,2018-01-31,USD,582480000,663815000,140952000,582480000,-88431000,-89100000,348572000,0,-88431000,0,239409000,-7096000,-81335000,75834000,20438000,None,None,None,0,0,0,669000,-13618000,0,-89100000,-89100000,None,USD,4947424000,34234000,None,160920000,3367059000,1580365000,110906000,1426241000,211000,-1727856000,158340000,159376000,443837000,1134355000,2058874000,341509000,341509000,-46413000,546609000,3956978000,29205000,1386755000,2133495000,528208000,1149845000,0,291124000,0,0,211000,0,-1727856000,0,None,109718000,140509000,990446000,None,None,1197279000,1308185000,None,None,None,3354423000,4947424000,3267850000,None,208000000,USD,-266718000,295600000,-361978000,-14718000,1132101000,32497000,-58000,-114020000,-89100000,-202933000,126548000,-88099000,67915000,0,32555000,0,-114613000,114616000,80719000,-174076000,490000,-202443000,119.89,124.84
11,2017-10-31,USD,555389000,635448000,133555000,555389000,-83801000,-85546000,331245000,0,-83801000,0,232305000,-3742000,-80059000,71898000,15285000,None,None,None,0,0,0,1745000,-146000,0,-85546000,-85546000,None,USD,4564716000,34305000,None,133340000,3024442000,1540274000,100135000,1129031000,210000,-1638756000,138402000,158418000,383710000,1336984000,1749546000,336936000,336936000,-16310000,487234000,3693772000,None,1347551000,1874139000,349309000,1136494000,0,283579000,0,0,210000,0,-1638756000,0,None,70814000,120173000,870944000,None,None,1174761000,1274896000,None,None,None,3195130000,4564716000,3211123000,None,209000000,USD,-530372000,58258000,-595458000,-1000000,1132101000,1039314000,-175566000,28571000,-85546000,587887000,144031000,-30794000,61758000,0,82779000,0,59463000,121285000,63972000,19070000,-322000,587565000,110.99,119.89
12,2017-07-31,USD,525320000,606949000,130195000,525320000,-80691000,-82532000,313367000,0,-80691000,0,227651000,938000,-81629000,65931000,8840000,None,None,None,0,0,0,1841000,907000,0,-82532000,-82532000,None,USD,3407127000,39110000,None,117877000,2036730000,1370397000,104178000,1118565000,208000,-1553210000,144118000,158540000,382149000,748599000,1676574000,332422000,548460000,-22197000,438754000,2586224000,None,1172747000,1349191000,370557000,216038000,0,225587000,0,0,208000,0,-1553210000,0,None,66763000,117736000,820903000,None,None,255978000,360156000,None,None,None,2945596000,3407127000,2097790000,None,207000000,USD,262932000,19740000,201345000,0,1132101000,32242000,-32000,-41877000,-82532000,248713000,15126000,-28931000,54815000,0,32274000,0,40393000,123456000,61524000,-71422000,715000,249428000,102.11,110.99
13,2017-04-30,USD,479861000,540061000,109711000,479861000,-61863000,-64044000,273352000,0,-61863000,0,206911000,-1663000,-60200000,59798000,7986000,None,None,None,0,0,0,2181000,1294000,0,-64044000,-64044000,None,USD,3308741000,43915000,None,120225000,1987884000,1320857000,120389000,1079874000,205000,-1470678000,157047000,158193000,370819000,498931000,1289444000,541393000,541393000,-190000,404102000,2533820000,None,1118749000,1616770000,297894000,541393000,0,209570000,0,0,205000,0,-1470678000,0,None,54207000,114504000,774921000,None,None,578051000,698440000,None,None,None,2791520000,3308741000,2115701000,None,204000000,USD,-162757000,-17748000,-222889000,0,956571000,2209000,-44000,-14431000,-64044000,-40658000,180022000,-14431000,53964000,0,2253000,0,111815000,110466000,60132000,111815000,-132000,-40790000,87.4,102.11
14,2017-01-31,USD,436672000,542907000,105181000,436672000,-108526000,-105565000,263572000,0,-108526000,0,221170000,-2291000,-106235000,58165000,7952000,None,None,None,0,0,0,-2961000,-33723000,0,-105565000,-105565000,None,USD,3166424000,48787000,None,115873000,2003518000,1162906000,135970000,1097417000,202000,-1520567000,172647000,158354000,304021000,539923000,1296448000,534423000,534423000,2071000,365877000,2496526000,14004000,955765000,1456822000,383908000,534423000,0,199031000,0,0,202000,0,-1520567000,0,None,53570000,43310000,669898000,None,None,571100000,707070000,None,None,None,2681200000,3166424000,1996745000,None,198000000,USD,67154000,207765000,18458000,4979000,1132101000,25408000,596000,-76275000,-105565000,153338000,109472000,-28030000,46579000,0,24812000,0,-91755000,102057000,53796000,-113334000,28000,153366000,83.09,87.4
15,2016-10-31,USD,413522000,519466000,103885000,409582000,-112989000,-114066000,257551000,0,-112989000,0,207270000,-3105000,-109884000,54645000,8206000,None,None,None,0,0,0,1077000,2537000,0,-114066000,-114066000,None,USD,2922569000,224117000,None,111855000,1785110000,1137459000,123179000,900441000,200000,-1415002000,159467000,158195000,293709000,386557000,1098096000,None,None,2622000,334265000,2294595000,None,925372000,1527238000,268945000,527547000,0,197655000,0,0,200000,0,-1415002000,0,None,48071000,33551000,627974000,None,None,563835000,687014000,None,None,None,2549639000,2922569000,1913795000,None,199000000,USD,132164000,73854000,-95220000,-140309000,None,4926000,435000,-901000,-114066000,-18835000,71459000,-9398000,43742000,0,4491000,0,24695000,100176000,87223000,-20360000,-137000,-18972000,86.68,83.09
16,2016-07-31,USD,373657000,464620000,95852000,377723000,-108090000,-108025000,228359000,0,-108090000,0,184882000,-21193000,-86897000,51379000,8914000,None,None,None,0,0,0,-65000,-1220000,0,-108025000,-108025000,None,USD,2829804000,68623000,None,113522000,1688958000,1140846000,124269000,854845000,198000,-1300936000,160640000,52819000,144596000,405529000,1007553000,None,None,-2588000,255118000,2430090000,None,1072223000,1662381000,248658000,520765000,0,152708000,0,0,198000,0,-1300936000,0,None,43485000,32488000,399714000,None,None,557136000,681405000,None,None,None,2444172000,2829804000,2067910000,None,197000000,USD,10735000,49428000,-30779000,-8039000,None,25590000,195000,-21114000,-108025000,1069000,6258000,-22453000,39492000,0,25395000,0,45055000,105075000,33327000,-55992000,-144000,925000,83.34,86.68
17,2016-04-30,USD,345430000,419079000,86627000,345430000,-79487000,-80622000,201205000,0,-79487000,0,168674000,-5838000,-73649000,49200000,8031000,None,None,None,0,0,0,1135000,-21000,0,-80622000,-80622000,None,USD,2776153000,64887000,None,98941000,1647997000,1128156000,127970000,798086000,195000,-1192911000,163670000,50727000,149325000,404604000,970252000,None,None,-9032000,254697000,2372131000,None,1063269000,1675486000,193100000,514075000,0,172166000,0,0,195000,0,-1192911000,0,None,55166000,29272000,404022000,None,514075000,35700000,677745000,None,None,None,2329904000,2776153000,2080090000,None,195000000,USD,-8268000,30092000,-61344000,388000,None,3757000,376000,-5564000,-80622000,103879000,161466000,-5564000,38596000,0,3381000,0,101047000,77917000,53464000,101047000,638000,104517000,74.98,83.34
18,2016-01-31,USD,323427000,396868000,82680000,323427000,-79946000,-81128000,190915000,0,-79946000,0,162944000,-6505000,-73441000,43009000,8094000,None,None,None,0,0,0,1182000,-24242000,0,-81128000,-81128000,None,USD,2730094000,65816000,None,99442000,1593937000,1136157000,130988000,768741000,193000,-1112289000,163782000,50325000,153628000,300087000,922679000,507476000,507476000,799000,214158000,2362308000,28742000,1070341000,1669372000,293407000,507476000,0,153938000,0,0,193000,0,-1112289000,0,None,57738000,30074000,367786000,None,507476000,32794000,671258000,None,None,None,2247454000,2730094000,1969459000,None,190000000,USD,3476000,206559000,-34597000,-658000,-66000,21115000,621000,-27361000,-81128000,80439000,93921000,-17940000,37460000,0,20560000,0,-115776000,71654000,37415000,-122684000,-245000,80194000,63.01,74.98
19,2015-10-31,USD,305266000,375440000,83754000,305266000,-76896000,-77811000,185983000,0,-76896000,0,149666000,-6722000,-70174000,39791000,8001000,None,None,None,0,0,0,915000,0,0,-77811000,-77811000,None,USD,2511153000,70353000,None,89877000,1385626000,1125527000,93206000,624819000,191000,-1031161000,125998000,51945000,159074000,219893000,751681000,80000,None,-54000,195004000,2157075000,None,1055174000,1676454000,170851000,507947000,0,126782000,0,0,191000,0,-1031161000,0,None,65173000,23548000,354078000,None,507947000,32792000,633945000,None,None,None,2156551000,2511153000,1896347000,None,191000000,USD,-3620000,63172000,-67477000,-23577000,-663000,1943000,246000,None,-77811000,-10388000,55146000,-18266000,34071000,0,2360000,0,17420000,68707000,40280000,-14727000,-297000,-10685000,78.97,63.01
