,fiscalDateEnding,reportedCurrency_x,totalRevenue,totalOperatingExpense,costOfRevenue,grossProfit,ebit,netIncome_x,researchAndDevelopment,effectOfAccountingCharges,incomeBeforeTax,minorityInterest,sellingGeneralAdministrative,otherNonOperatingIncome,operatingIncome,otherOperatingExpense,interestExpense,taxProvision,interestIncome,netInterestIncome,extraordinaryItems,nonRecurring,otherItems,incomeTaxExpense,totalOtherIncomeExpense,discontinuedOperations,netIncomeFromContinuingOperations,netIncomeApplicableToCommonShares,preferredStockAndOtherAdjustments,reportedCurrency_y,totalAssets,intangibleAssets,earningAssets,otherCurrentAssets,totalLiabilities,totalShareholderEquity,deferredLongTermLiabilities,otherCurrentLiabilities,commonStock,retainedEarnings,otherLiabilities,goodwill,otherAssets,cash,totalCurrentLiabilities,shortTermDebt,currentLongTermDebt,otherShareholderEquity,propertyPlantEquipment,totalCurrentAssets,longTermInvestments,netTangibleAssets,shortTermInvestments,netReceivables,longTermDebt,inventory,accountsPayable,totalPermanentEquity,additionalPaidInCapital,commonStockTotalEquity,preferredStockTotalEquity,retainedEarningsTotalEquity,treasuryStock,accumulatedAmortization,otherNonCurrrentAssets,deferredLongTermAssetCharges,totalNonCurrentAssets,capitalLeaseObligations,totalLongTermDebt,otherNonCurrentLiabilities,totalNonCurrentLiabilities,negativeGoodwill,warrants,preferredStockRedeemable,capitalSurplus,liabilitiesAndShareholderEquity,cashAndShortTermInvestments,accumulatedDepreciation,commonStockSharesOutstanding,reportedCurrency,investments,changeInLiabilities,cashflowFromInvestment,otherCashflowFromInvestment,netBorrowings,cashflowFromFinancing,otherCashflowFromFinancing,changeInOperatingActivities,netIncome_y,changeInCash,operatingCashflow,otherOperatingCashflow,depreciation,dividendPayout,stockSaleAndPurchase,changeInInventory,changeInAccountReceivables,changeInNetIncome,capitalExpenditures,changeInReceivables,changeInExchangeRate,changeInCashAndCashEquivalents,clossingVal,nextClossingVal
0,2020-06-30,USD,15169000,10634000,4573000,15169000,4535000,254000,None,None,262000,14000,1615000,None,4535000,9019000,4273000,-6000,0,-4273000,None,None,None,-6000,None,None,268000,-3403000,3657000,USD,477186000,18443000,None,6287000,365562000,17193000,1054000,4117000,97000,-258372000,5554000,None,2802000,22937000,12358000,None,None,None,404386000,37922000,None,67969000,None,8698000,331615000,None,12358000,None,None,97000,41584000,-258372000,None,None,16007000,None,18871000,17472000,331615000,21589000,353204000,None,92360000,None,233884000,477186000,22937000,None,9694284,USD,-218000,2139000,-218000,None,-4354000,-4354000,552000,-179000,268000,-301000,4271000,-179000,4392000,None,None,None,-2582000,683000,218000,-3032000,None,-301000,1.74,
1,2020-03-31,USD,15574000,12020000,4723000,15574000,2531000,-1868000,None,None,-1869000,-9000,1872000,-1023000,3554000,9548000,4400000,8000,1000,-4399000,None,600000,None,-8000,-1650000,None,-1861000,-5525000,3657000,USD,479149000,20294000,None,6258000,367794000,19492000,1002000,4049000,97000,-256037000,6035000,None,2669000,23238000,9513000,None,None,None,406815000,35622000,None,67722000,None,6126000,336277000,None,9513000,None,None,97000,41562000,-256037000,None,None,16435000,None,20277000,17955000,336277000,22004000,358281000,None,89792000,None,233870000,479149000,23238000,None,9694284,USD,1339000,-49000,1339000,1665000,-2915000,-2915000,-326000,-1163000,-1877000,1647000,3223000,-563000,4572000,None,None,None,639000,490000,326000,650000,None,1647000,1.0,1.74
2,2019-12-31,USD,16070000,12130000,4839000,16070000,3907000,-671000,None,None,-684000,-5000,2090000,None,3907000,10022000,4591000,-8000,0,-4591000,None,53000,None,-8000,-110000,None,-676000,-4328000,3657000,USD,484365000,22382000,None,1737000,371133000,23927000,1081000,2026000,97000,-251580000,6716000,None,1669000,21591000,9557000,None,None,None,416215000,30233000,None,69612000,None,6905000,340913000,None,9557000,None,None,97000,41540000,-251580000,None,None,16892000,None,21025000,18637000,340913000,20663000,361576000,None,87225000,None,233870000,484365000,21591000,None,9694284,USD,-1306000,-467000,-1306000,3603000,-2267000,-2267000,-242000,23000,-676000,-936000,2637000,1755000,3187000,0,None,None,-1072000,-49000,1306000,-1112000,None,-936000,1.64,1.0
3,2019-09-30,USD,15565000,11783000,4967000,15565000,3702000,-959000,None,None,-952000,-1000,1349000,1000,3701000,10115000,4654000,8000,1000,-4653000,None,400000,None,8000,-481000,None,-960000,-4616000,3657000,USD,489201000,24689000,None,1756000,375293000,27157000,1214000,2060000,97000,-248319000,7909000,None,1963000,22527000,10592000,None,None,None,418338000,30230000,None,70296000,None,5947000,342811000,None,10592000,None,None,97000,41518000,-248319000,None,None,17376000,None,23257000,19830000,342811000,21890000,364701000,None,84657000,None,233861000,489201000,22527000,None,9693271,USD,-459000,67000,-459000,3603000,-2183000,-2183000,-244000,231000,-960000,2167000,4809000,346000,5356000,0,None,None,-460000,553000,459000,-554000,None,2167000,1.55,1.64
4,2019-06-30,USD,15532000,17410000,4595000,15532000,-2209000,-7051000,None,None,-7156000,-112000,1380000,None,-2209000,15214000,4947000,7000,0,-4947000,None,1147000,None,7000,-6478000,None,-7163000,-10709000,3658000,USD,498790000,6136000,None,6799000,383922000,30683000,1291000,6850000,97000,-244772000,8576000,None,2362000,20360000,10001000,None,None,None,422506000,32705000,None,71276000,None,5546000,346558000,None,10001000,None,None,97000,41497000,-244772000,None,None,17898000,None,25681000,11937000,346558000,27363000,373921000,None,82090000,None,233861000,498790000,20360000,None,9693271,USD,-685000,-27000,-685000,3603000,-2701000,-2670000,-234000,59000,-7163000,1755000,5110000,169000,5674000,0,None,None,-311000,6579000,685000,-122000,None,1755000,1.39,1.55
5,2019-03-31,USD,15995000,12379000,4726000,15995000,5456000,642000,None,None,663000,13000,1814000,1000,5455000,8726000,4793000,8000,-4792000,-4792000,None,None,None,8000,1839000,None,655000,-3015000,3657000,USD,509097000,6793000,None,10431000,387066000,40302000,1246000,6684000,97000,-235131000,9265000,None,52880000,18605000,10504000,None,None,None,422838000,34630000,5000000,78349000,None,5594000,348651000,None,10504000,None,None,97000,41475000,-235131000,None,None,18626000,None,28003000,11962000,348651000,27911000,376562000,None,79522000,None,233861000,509097000,18605000,None,9693271,USD,3318000,-1778000,3318000,3603000,-5378000,-5409000,-31000,-625000,655000,606000,2697000,-535000,6029000,0,None,None,251000,-1770000,285000,96000,None,606000,1.49,1.39
6,2018-12-31,USD,16067000,19909000,4768000,16067000,-3690000,-12548000,0,0,-8978000,-336000,1713000,1000,-3691000,12580000,5288000,-32000,None,None,0,5469000,0,-32000,-14041000,-3938000,-8946000,-15754000,3206000,USD,508081000,35383000,None,8982000,386871000,42061000,1320000,4632000,95000,-233184000,10045000,None,2036000,17999000,12077000,None,None,None,433142000,32520000,5000000,77563000,None,5539000,360117000,None,12077000,None,None,95000,41453000,-233184000,None,None,7346000,None,30073000,None,360117000,14677000,374794000,None,76955000,None,233697000,508081000,17999000,None,9511464,USD,None,-383000,-1429000,297000,-1295000,-4380000,-48000,-307000,-12884000,-2347000,3462000,4633000,4198000,-3037000,21158000,None,-848000,8753000,1726000,-848000,None,-2347000,0.891,1.49
7,2018-09-30,USD,16222000,12857000,4836000,16222000,4623000,-602000,0,0,-560000,12000,1953000,1000,4622000,9647000,5183000,None,None,None,0,0,0,30000,-3925000,-3938000,-590000,-3810000,3208000,USD,527088000,38862000,None,22111000,393208000,56028000,1240000,15460000,94000,-218498000,10948000,5486000,1897000,20346000,15744000,None,None,None,426972000,47132000,6739000,83949000,16708000,4675000,354093000,0,15744000,59042000,233001000,94000,41431000,-218498000,0,None,7945000,None,32814000,None,354093000,23371000,377464000,None,74838000,None,233001000,527088000,20346000,None,9401936,USD,None,894000,960000,2066000,-2044000,-5137000,-56000,-28000,-590000,1734000,5911000,121000,6354000,-3037000,0,0,135000,-1006000,1106000,135000,None,1734000,4.28,0.891
8,2018-06-30,USD,17106000,14373000,4683000,17106000,2734000,-1525000,0,0,-2446000,-35000,2268000,1000,2733000,12105000,5180000,None,None,None,0,-21000,0,17000,-5179000,903000,-2463000,-4731000,3206000,USD,535788000,43465000,None,12839000,398445000,59451000,1153000,8352000,93000,-214688000,12381000,5486000,4226000,18612000,14827000,365922000,365922000,None,441078000,36973000,6739000,12555000,14560000,5522000,365922000,0,14827000,62653000,232636000,93000,116100000,-214688000,0,None,8948000,None,36564000,None,365922000,17696000,383618000,None,None,None,232636000,535788000,18612000,None,9342577,USD,None,1247000,1484000,2747000,-3226000,-6373000,-110000,-28000,-1560000,1266000,6155000,-421000,8017000,-3037000,0,0,135000,29000,1263000,-1154000,None,1266000,4.04,4.28
9,2018-03-31,USD,16314000,14640000,4620000,16314000,2730000,-1825000,0,0,-1847000,-47000,2544000,1000,2729000,11020000,4577000,None,None,None,0,21000,0,25000,-3521000,903000,-1872000,-5032000,3207000,USD,542753000,48396000,None,9134000,401212000,60527000,1142000,3745000,89000,-209957000,13387000,5486000,4618000,17346000,14075000,373047000,373047000,None,448555000,31101000,6739000,13653000,12198000,4621000,373047000,0,14075000,66999000,229007000,89000,115930000,-209957000,0,None,9862000,None,41010000,None,373047000,14090000,387137000,None,None,None,229007000,542753000,17346000,None,8947416,USD,None,346000,-23465000,1160000,6373000,22051000,-128000,-197000,-1872000,5060000,6474000,-197000,7830000,-5480000,21158000,0,979000,-615000,24625000,979000,None,5060000,3.58,4.04
10,2017-12-31,USD,14659000,60571000,14361000,40325000,10675000,-10032000,0,0,-14159000,7074000,4887000,None,7440000,-1278000,4168000,None,None,None,0,61000,0,72000,-23742000,-936000,-10864000,-20317000,None,USD,457674000,47263000,None,9156000,333842000,63508000,1153000,5480000,87000,-204925000,9616000,5486000,433030000,12286000,16104000,308122000,308122000,None,384334000,17905000,6739000,16654000,8609000,5619000,308122000,0,16104000,70596000,226978000,87000,94604000,-204925000,0,None,8778000,None,34432000,None,308122000,9616000,317738000,None,None,None,226978000,457674000,12286000,None,8744189,USD,None,3440000,-2979000,1871000,448000,-22968000,-2752000,867000,-12094000,-1186000,24761000,None,24944000,-20742000,0,0,-3000000,7517000,7367000,None,None,None,9.98,3.58
11,2017-09-30,USD,15198000,13419000,12090000,15198000,2142000,-2062000,0,0,-2108000,-111000,1924000,363000,1779000,11472000,4250000,None,None,None,0,23000,0,65000,0,5523000,-2173000,-4558000,2496000,USD,471063000,51042000,None,10161000,333103000,77041000,0,5478000,87000,-191256000,10356000,5486000,436345000,15288000,15785000,306962000,306962000,None,383861000,22718000,12000000,30209000,9625000,7430000,306962000,0,15785000,84908000,226864000,87000,94398000,-191256000,0,None,9521000,None,37477000,None,306962000,10356000,317318000,None,None,None,226864000,471063000,15288000,None,8730859,USD,189000,1143000,-1894000,189000,1263000,-4114000,-58000,-1021000,-2173000,-1389000,4619000,-1021000,8493000,-5473000,96000,0,0,158000,2083000,-1981000,None,-1389000,11.55,9.98
12,2017-06-30,USD,14719000,12177000,10692000,14719000,3924000,-713000,0,0,-646000,-13000,1953000,1382000,2542000,10056000,4570000,None,None,None,0,168000,0,69000,0,-11000,-715000,-3207000,2494000,USD,476760000,56914000,None,9853000,331311000,83662000,0,5473000,87000,-183729000,11112000,5486000,442993000,16294000,15181000,305018000,305018000,None,384432000,21767000,12000000,36947000,9242000,5473000,305018000,0,15181000,92580000,226075000,87000,94098000,-183729000,0,None,10954000,None,42121000,None,305018000,11112000,316130000,None,None,None,226075000,476760000,16294000,None,8666646,USD,144000,993000,876000,2561000,-1964000,-5562000,-407000,566000,-726000,2388000,7074000,-936000,7564000,-3598000,0,0,0,883000,1685000,-703000,None,2388000,10.21,11.55
13,2017-03-31,USD,14322000,13149000,10665000,14322000,1529000,-1119000,0,0,-2648000,-41000,2503000,356000,1173000,10394000,4177000,None,None,None,0,252000,0,41000,0,1529000,-2689000,-3602000,2483000,USD,481543000,61548000,None,10385000,330053000,88821000,0,None,86000,-177576000,11886000,5486000,450619000,13988000,12274000,305893000,305893000,None,386704000,18924000,12000000,42128000,9324000,4936000,305893000,0,12274000,98804000,225104000,86000,93893000,-177576000,0,None,11976000,None,46453000,None,305893000,11886000,317779000,None,None,None,225104000,481543000,13988000,None,8588470,USD,-1000,1683000,1376000,1870000,-498000,-8396000,-1687000,-457000,-1160000,-199000,6821000,-457000,7355000,-6193000,-18000,0,251000,-852000,494000,251000,None,-199000,1.73,10.21
14,2016-12-31,USD,12418000,41241000,8945000,31837000,2919000,-9691755,0,0,-12955000,10359000,3862000,None,953000,250000,3555000,None,None,None,0,424925,0,108000,-15874000,824000,-13062000,-15916000,None,USD,489046335,66143000,None,365880,331323698,94833420,1195000,4936000,680305,-170377414,14030000,5485823,457091000,14515550,11320614,305973000,305973000,None,388880290,20321510,12000000,48162005,9652000,5440080,305972679,0,11320614,105192586,223344937,680305,93715643,-170377414,0,None,12962169,None,49396543,None,305972679,14030405,320003084,None,None,None,223344937,489046335,14515550,None,68030549,USD,-10805449,2474000,-60537000,-9420000,-8406000,44480000,-5185000,-1353000,-11203000,-5615000,10443000,None,20666000,-17692000,0,0,-2423000,155000,1958000,None,None,None,1.7,1.73
15,2016-09-30,USD,11910678,10243559,8717000,11910678,1966358,-1511245,0,0,-1673056,-121892,2191063,299239,1667119,8021166,3639414,None,None,None,0,31330,0,0,0,39919,-1673056,-2752056,1240811,USD,404608549,48388000,None,365880,251984048,103974066,0,None,679404,-160594653,10069000,5485823,341882000,46126033,10147839,None,None,None,292212257,51092968,12000000,57324404,10309000,4601055,231767262,0,10147839,114610244,222725476,679404,79178096,-160594653,0,None,7718507,None,36098994,None,231767262,10068947,241836209,None,None,None,222725476,404608549,46126033,None,67940487,USD,None,None,-21340984,0,None,35675000,None,None,-7438980,None,11005000,None,0,-12654000,0,0,0,None,1586974,None,None,None,1.75,1.7
16,2016-06-30,USD,11085374,11098744,8508000,11085374,-13370,-2698829,0,0,-3755583,-312911,2792521,None,-13370,8228768,3742213,None,None,None,0,77455,0,0,0,743843,-3755583,-3210128,511299,USD,365787912,51963000,None,365880,268021579,86457755,0,None,678602,-154277513,10657000,5485823,351018000,11672280,9161674,None,None,None,294822999,15136091,None,63256763,9021000,3097931,248202613,0,9161674,97766333,222341497,678602,17715169,-154277513,0,None,8303799,None,42039200,None,248202613,10657292,258859905,None,None,None,222341497,365787912,11672280,None,67860281,USD,None,None,-9194326,0,None,-4296731,None,None,-5927735,None,5665000,None,0,-8366000,0,0,127000,None,1210547,None,None,None,1.54,1.75
17,2016-03-31,USD,9139000,0,7932000,0,0,-3228906,0,0,0,0,2369000,None,-1162492,0,2420000,None,None,None,0,0,0,0,0,0,0,0,None,USD,301947000,40887000,None,None,200730000,90934000,0,None,663000,0,9238000,5486000,284675000,7030000,0,None,None,None,0,0,None,None,7181000,None,184970000,0,6522000,0,0,0,17627000,0,0,None,None,None,None,None,None,None,None,None,None,None,None,None,None,None,8000000,USD,None,None,-332163,37000,None,-4006191,None,None,-3228906,None,662000,None,0,-4143000,0,0,315000,None,369306,None,None,None,1.25,1.54
18,2015-12-31,USD,9239000,40067000,8168000,19021000,-12452000,-10790286,0,0,-21377000,79000,2830000,None,-6615651,250000,2593000,None,None,None,0,243029,0,0,-8925000,2604000,-21377000,-103793000,None,USD,313969852,44532000,None,1707709,206603114,98264852,1505977,1992318,662596,-140306846,9729000,5485823,299211000,11306185,7533769,184629082,184629082,None,238764631,16466594,None,75240911,0,3452700,189340456,0,7533769,0,0,662596,17538118,-140306846,0,None,6517529,None,46735275,None,189340456,9728889,199069345,None,None,None,220370984,313969852,11306185,None,66259673,USD,-1926753,230000,-54859000,914000,-5540000,63573000,-2861000,-3123000,-17520000,638000,-5326000,None,17502000,-14192000,0,0,-1718000,-1888000,531000,None,None,None,1.93,1.25
19,2015-09-30,USD,7167213,12226215,7342000,7167213,-5059002,-6729714,0,0,-7365019,-428702,5195133,None,-5059002,6918502,2306017,None,None,None,0,112580,0,0,0,206603,-7365019,-22134127,2279907,USD,339037026,48414000,None,28783341,225653885,103887206,0,None,661463,-134145251,30181000,5485823,328901000,7993293,9189347,None,None,None,238211766,38919873,None,80951790,0,2143239,186283498,0,9189347,0,0,661463,17449593,-134145251,0,None,7087784,None,49331780,None,186283498,30181040,216464538,None,None,None,219921401,339037026,7993293,None,66146331,USD,None,1381416,-42132067,914388,15547,-4522359,-120750,None,-7158416,-41172551,5481875,6190182,4709986,-4417131,-25,0,0,1001371,43046455,-642664,None,-41172551,1.9,1.93
