,fiscalDateEnding,reportedCurrency_x,totalRevenue,totalOperatingExpense,costOfRevenue,grossProfit,ebit,netIncome_x,researchAndDevelopment,effectOfAccountingCharges,incomeBeforeTax,minorityInterest,sellingGeneralAdministrative,otherNonOperatingIncome,operatingIncome,otherOperatingExpense,interestExpense,taxProvision,interestIncome,netInterestIncome,extraordinaryItems,nonRecurring,otherItems,incomeTaxExpense,totalOtherIncomeExpense,discontinuedOperations,netIncomeFromContinuingOperations,netIncomeApplicableToCommonShares,preferredStockAndOtherAdjustments,reportedCurrency_y,totalAssets,intangibleAssets,earningAssets,otherCurrentAssets,totalLiabilities,totalShareholderEquity,deferredLongTermLiabilities,otherCurrentLiabilities,commonStock,retainedEarnings,otherLiabilities,goodwill,otherAssets,cash,totalCurrentLiabilities,shortTermDebt,currentLongTermDebt,otherShareholderEquity,propertyPlantEquipment,totalCurrentAssets,longTermInvestments,netTangibleAssets,shortTermInvestments,netReceivables,longTermDebt,inventory,accountsPayable,totalPermanentEquity,additionalPaidInCapital,commonStockTotalEquity,preferredStockTotalEquity,retainedEarningsTotalEquity,treasuryStock,accumulatedAmortization,otherNonCurrrentAssets,deferredLongTermAssetCharges,totalNonCurrentAssets,capitalLeaseObligations,totalLongTermDebt,otherNonCurrentLiabilities,totalNonCurrentLiabilities,negativeGoodwill,warrants,preferredStockRedeemable,capitalSurplus,liabilitiesAndShareholderEquity,cashAndShortTermInvestments,accumulatedDepreciation,commonStockSharesOutstanding,reportedCurrency,investments,changeInLiabilities,cashflowFromInvestment,otherCashflowFromInvestment,netBorrowings,cashflowFromFinancing,otherCashflowFromFinancing,changeInOperatingActivities,netIncome_y,changeInCash,operatingCashflow,otherOperatingCashflow,depreciation,dividendPayout,stockSaleAndPurchase,changeInInventory,changeInAccountReceivables,changeInNetIncome,capitalExpenditures,changeInReceivables,changeInExchangeRate,changeInCashAndCashEquivalents,clossingVal,nextClossingVal
0,2020-06-30,USD,12389500,4849000,862700,11526800,6690400,5055200,None,None,6151700,None,4960500,12600,6677800,-111500,538700,1096500,12600,-526100,None,None,None,1096500,None,None,5055200,5055200,None,USD,31626400,None,None,12655500,50192600,-18566200,None,1694300,6411300,-24977500,8412300,607500,9134700,1337900,15473400,6210800,4236100,None,2560100,15971000,7152500,-19173700,11688600,1893800,20784100,83800,7568300,None,None,6411300,None,-24977500,None,None,10980900,None,1506900,8530900,20784100,13935100,34719200,None,None,None,None,31626400,1337900,None,3723187,USD,-954700,1987300,-954700,None,-40812500,-34983400,None,3255000,5055200,-27059100,8879000,3170100,122900,-184500,6013600,21400,-913300,-564600,954700,-913300,None,-27059100,171.24,
1,2020-03-31,USD,18600000,6364300,2133900,16466100,10107700,7317000,None,None,9582500,None,5748900,5900,10101800,615400,525200,2265500,5900,-519300,None,None,None,2265500,None,None,7317000,7317000,None,USD,59891800,None,None,13644100,89740000,-29848200,None,1714400,None,-29848200,8778200,607500,10073700,28397000,13185600,6422400,3986100,None,2680700,43126800,8921700,-30455700,12422200,980500,62151100,105200,5048800,None,None,None,None,-29848200,None,None,12820900,None,655900,9402800,62151100,14403300,76554400,None,None,None,None,59891800,28397000,None,3650753,USD,-1737200,1428500,-1737200,None,40344500,-9409300,None,4056800,7317000,3216700,14363200,4058000,123100,-912200,-48841600,-19200,689000,766800,1737200,689000,None,3216700,127.42,171.24
2,2019-12-31,USD,17882600,6005200,934400,16948200,11016300,8461400,None,None,10633900,None,6107400,73300,10943000,-102200,382400,2172500,73300,-309100,None,None,None,2172500,-309100,None,8461400,8461400,None,USD,61842200,None,None,13768200,49393900,12448300,None,1717000,11929300,519000,8910200,607500,13665000,25180300,11931900,6416800,3736100,None,2772600,41201900,12505500,11840800,12800100,2167400,22705700,86000,3798100,None,None,11929300,None,519000,None,None,16593200,None,667000,9363700,22705700,14756300,37462000,None,None,None,None,61842200,25180300,-4093400,3947858,USD,-1106600,-1057000,-1106600,None,-812500,6145400,None,4924900,8461400,17618100,12579300,5582700,123400,-965400,7923300,-16300,-75100,-439800,1106600,-75100,None,17618100,198.3,127.42
3,2019-09-30,USD,19680900,6162100,1244100,18436800,12275200,9113800,None,None,11869000,None,6217600,500,12274700,-55500,406200,2755200,500,-405700,None,None,None,2755200,-405700,None,9113800,9113800,None,USD,48507500,None,None,15365300,51633500,-3126000,None,1730900,3851000,-6977000,9003400,607500,16318600,7562200,12395200,6499000,3486100,None,2863700,24983300,15644900,-3733500,14352800,1986100,24281800,69700,4165300,None,None,3851000,None,-6977000,None,None,19880500,None,172500,10320000,24281800,14956500,39238300,None,None,None,None,48507500,7562200,None,3822978,USD,-2240200,1202000,-2240200,None,-6812500,-5717700,None,4954600,9113800,6396000,14353900,4887000,110700,-954800,2049600,44700,-84100,-920200,2240200,-84100,None,6396000,176.39,198.3
4,2019-06-30,USD,17404200,6505200,1052100,16352100,9840800,7301900,None,None,9340500,None,6435900,-6100,9846900,69300,500300,2038600,None,-506400,None,None,None,2038600,-506400,None,7301900,7301900,None,USD,46156100,None,None,16776700,59986500,-13830400,1188000,1725500,1305600,-15136000,10100800,607500,17568400,1166200,12085000,6408800,3236100,None,1936400,21175900,17059200,-14437900,15923700,3118600,31739700,114400,3950700,None,None,1305600,None,-15136000,None,None,22436300,None,24980200,10986600,31739700,14973800,47901500,None,None,None,None,46156100,1166200,None,3781339,USD,-3991500,-3773800,-3991500,None,-5368100,-5522100,None,5312700,7301900,34400,9548000,5573700,-123600,-942800,788800,-600,-54800,625200,3991500,-54800,None,34400,173.15,176.39
5,2019-03-31,USD,18331200,6994500,1270200,17061000,10066200,7272200,None,None,9624000,None,6984400,-300,10066500,10100,442200,2351800,None,-442500,None,None,None,2351800,-300,None,7272200,7272200,None,USD,46831800,6056100,None,18275600,68326900,-21495100,1148900,1750700,None,-21495100,10161600,607500,18282700,1131800,14109100,6306800,6306800,None,908800,20976700,17786000,-22102600,17321500,1455500,38233200,113800,6051600,None,None,None,None,-21495100,None,None,24338800,None,25855100,5823000,38233200,14835700,54217800,None,None,None,None,46831800,1131800,None,3759186,USD,-1840100,1479100,-1840100,None,10687500,-13770100,None,3491200,7272200,-1444200,14166000,4524200,289600,-586100,-23871500,-6200,97600,509500,1840100,97600,None,-1444200,188.59,173.15
6,2018-12-31,USD,17071800,6226000,1408700,15663100,10159700,7657800,0,0,9690800,0,6335800,-19900,10179600,-109800,468900,None,None,None,0,0,0,2033000,-488800,0,7657800,7657800,None,USD,46663100,None,None,901600,51471600,-4808500,1148300,1744900,4425600,-9234100,10659900,607500,20938100,2576000,12483300,6258000,6258000,None,866200,24251300,20455500,-5416000,18547500,2118600,28328400,107600,4480400,None,None,4425600,None,-9234100,None,None,482600,None,22411800,None,28328400,9511600,38988300,None,None,None,None,46663100,21123500,-4118800,3907686,USD,7948700,-1953200,4842600,24252200,-9601300,-10827200,None,-154100,7657800,1333800,7318400,-11000,319400,-585800,-640100,20600,203800,1081000,3106100,203800,None,1333800,159.0,188.59
7,2018-09-30,USD,19118500,6153200,1530000,17588500,11434300,8364300,0,0,10857400,0,6208800,-1000,11435300,-55600,576900,None,None,None,0,0,0,2493100,-577900,0,8364300,8364300,None,USD,50494500,608000,None,1075400,62203200,-11708700,425800,1713100,4597400,-16306100,10199100,607500,27390100,1242200,13125600,5791700,5791700,None,725500,21771400,26949600,-12316200,17568700,1756900,38878500,128200,5620800,0,0,4597400,0,-16306100,0,None,440500,None,28723100,None,38878500,9773300,49077600,None,None,None,None,50494500,18810900,None,3901202,USD,5465300,537100,-2033000,0,-7472100,-7288200,4557000,-251700,8364300,-95700,9225500,-279700,325900,-583000,766900,21900,-254900,510900,7498300,-254900,None,-95700,166.0,159.0
8,2018-06-30,USD,18159800,6908300,1176800,16983000,10063400,7143000,0,0,9405500,0,6799300,-11300,10074700,109000,657900,None,None,None,0,-95000,0,2262500,-669200,0,7143000,7143000,None,USD,48817000,608000,None,765800,69574800,-20757800,360200,3047200,3329600,-24087400,8816000,607500,26777200,1337900,12874900,4873200,4873200,None,630400,20801900,26380400,-21365300,17046100,1502000,47883900,150100,4954500,0,0,3329600,0,-24087400,0,None,396800,None,28015100,None,47883900,8455800,56699900,None,None,None,None,48817000,18384000,None,3868526,USD,4957200,415500,-1869700,0,-7012400,-6792200,2917000,788700,7143000,-567700,8094200,-491300,341800,-577900,798100,-70400,90800,664800,6826900,90800,None,-567700,148.45,166.0
9,2018-03-31,USD,18161000,6789400,554900,17606100,10073200,6960400,0,0,9329400,0,6694400,-1000,10074200,95000,743800,None,None,None,0,95000,0,2369000,-744800,0,6960400,6960400,None,USD,47724800,608000,None,653300,76361900,-28637100,320500,3016900,2015400,-30652500,11344000,607500,27315000,1905600,12065700,4848200,4848200,None,581200,19828600,26309300,-29244600,15597200,1592800,55311700,79700,4200600,0,0,2015400,0,-30652500,0,None,398200,None,27896200,None,55311700,8664000,64296200,None,None,None,None,47724800,17502800,None,3849506,USD,5881000,2961900,-486000,0,-8695700,-9070500,2917000,974900,6960400,742400,10298900,-805300,375500,-423200,48400,17400,203000,585800,6367000,203200,None,742400,130.8,148.45
10,2017-12-31,USD,17804700,6106400,1035300,16769400,10646000,7656500,0,0,9838900,0,6071200,-17000,10663000,35200,807100,None,None,None,0,-21200,0,2182400,-2353500,0,7656500,7656500,None,USD,48404800,607000,None,814800,79083000,-30678200,3422000,1736200,1476200,-32154400,3432000,607500,26553000,1163200,9453400,3806900,3806900,None,486800,21365200,25945300,-31285700,15332300,3957800,65362600,97100,3910300,0,0,1476200,0,-32154400,0,None,None,None,27039600,None,65362600,845000,69629600,None,None,None,None,48404800,16495500,-3855600,3843078,USD,5265700,-1078600,-903000,0,-5564800,-5003900,1748000,11500,7656000,12500,5919400,7933400,182100,-421200,982100,-30100,-316800,-999500,6168700,-87900,None,12500,129.4,130.8
11,2017-09-30,USD,17567900,6195600,1520300,16047600,9880000,5719000,0,0,9266100,0,6208900,28000,9852000,-13300,613900,None,None,None,0,34700,0,3547100,0,0,5719000,5719000,None,USD,47178400,607000,None,865400,86568100,-39389700,4943500,1649300,0,-39389700,2266000,607500,24856000,1100700,9266100,3236100,74786200,None,547700,21773700,24249500,-39997200,16311000,3429600,71550100,67000,4380700,0,0,0,0,-39389700,0,None,None,None,25404700,None,71550100,808400,77302000,None,None,None,None,47178400,17411700,None,3821528,USD,6312800,-121800,582200,0,43800000,-6435600,1747700,-201000,5860000,-11200,5842200,5354200,194000,-463700,-49771900,32400,228900,494300,5730600,-110900,None,-11200,131.75,129.4
12,2017-06-30,USD,16749500,6455600,1159700,15589800,9134300,5773200,0,0,8688000,0,6467100,100,9134200,-11500,446300,None,None,None,0,-3100,0,2914800,0,0,5773200,5773200,None,USD,47038400,607000,None,468800,42407000,4631400,4917300,1589100,5139700,-508700,2319000,607500,25131000,1101900,7584300,1990000,31021500,400,625100,21281800,24524000,4023900,16684300,2927400,29031500,99400,4005200,0,0,5139700,0,-508700,0,None,None,None,25756600,None,29031500,873900,34822700,None,None,None,None,47038400,17786200,None,4215528,USD,6693000,-2573600,641300,0,-6600000,-5955200,1747700,1071100,5531000,-651500,4662400,6491700,202900,-463600,1108400,6800,0,618400,6051700,-83800,None,-651500,128.95,131.75
13,2017-03-31,USD,17623800,6502000,1986400,15637400,9137200,5416400,0,0,8638100,0,6503400,1800,9135400,-1400,499100,None,None,None,0,-1400,0,3221700,0,0,5416400,5416400,None,USD,47396000,608000,None,809400,49677700,-2281700,4754000,1912700,3541700,-5818300,2360000,607500,25911000,1753400,8357200,1990000,1990000,-5100,683000,20801800,25303700,-2889200,16619400,1513400,35629000,106200,4454500,0,0,3541700,0,-5818300,0,None,None,None,26594200,None,35629000,937500,41320500,None,None,None,None,47396000,18372800,None,4169769,USD,7289500,2522500,-235300,0,-7700000,-8027900,1747700,251300,5551000,470500,8733700,5564400,224100,-416500,88600,-18700,0,475600,7524800,-34200,None,470500,113.0,128.95
14,2016-12-31,USD,17365900,6234600,630000,16735900,10485900,6166200,0,0,9940400,0,6164100,-15400,10501300,70500,545500,None,None,None,0,8700,0,3774200,-2355000,0,6166200,6166200,None,USD,48581600,608000,None,1050700,56433600,-7852000,4755700,1864700,2976100,-10818200,2418000,607500,25018000,1292900,7357800,1990000,1990000,-9900,769600,22793800,24410700,-8459500,17204700,3158000,43326500,87500,3503100,0,0,2976100,0,-10818200,0,None,None,None,25787800,None,43326500,993600,49075800,None,None,None,None,48581600,18497600,3544200,4165769,USD,5256900,-510600,-4543800,0,-2300000,-1050200,529700,-641300,6167000,132000,5726000,6289600,214800,-414900,1135000,8100,-62300,-352000,9800700,76100,None,132000,126.15,113.0
15,2016-09-30,USD,16734300,5151000,1145300,15589000,10431700,6094200,0,0,9879400,0,5180700,-6300,10438000,-29700,552300,None,None,None,0,17700,0,3785200,0,0,6094200,6094200,None,USD,43495700,608000,None,921000,59213300,-15717600,5128100,1671700,859200,-16569500,2488000,607500,21678000,1160900,7425100,1990000,1990000,-7300,847700,20970200,21070300,-16325100,16468200,2324500,45624000,95600,3763400,0,0,859200,0,-16569500,0,None,None,None,22525500,None,45624000,1036100,51788200,None,None,None,None,43495700,17629100,None,4122037,USD,5275300,278200,-586600,0,-5800000,-6131400,60000,-145600,6094000,62100,6780100,6042900,225300,-412100,20700,-14400,0,414600,5861900,-166500,None,62100,105.52,126.15
16,2016-06-30,USD,16299800,5928300,1048400,15251400,9332600,5394300,0,0,8738800,0,5936200,9500,9323100,-7900,593800,None,None,None,0,-7900,0,3344500,0,0,5394300,5394300,None,USD,42817800,608000,None,790400,64744600,-21926800,5052800,1804200,336300,-22251600,2539000,607500,21085000,1083800,7169300,1990000,1990000,-11500,935700,20796900,20477700,-22534300,16683800,2157700,51421500,81200,3375100,0,0,336300,0,-22251600,0,None,None,None,22020900,None,51421500,1101000,57575300,None,None,None,None,42817800,17767600,None,4109760,USD,7166300,-3548500,1303600,0,-3500000,-4007200,None,2664200,5394000,-154200,2549400,5468600,242300,-411100,-96100,-900,28000,430900,5862700,-43000,None,-154200,99.67,105.52
17,2016-03-31,USD,16180300,6540200,1601500,14578800,8038600,4562900,0,0,7387400,0,6554600,None,8038600,-14400,651200,None,None,None,0,0,0,2824500,0,0,4562900,4562900,None,USD,43755500,608000,None,946300,71013500,-27258000,4990100,2017100,0,-27234800,2534000,607500,20781000,1228000,9946200,1990000,None,-23200,1032200,21942900,20172900,-27865500,18342500,1345800,54919000,80300,5939100,0,0,0,0,-27234800,0,None,None,None,21812600,None,54919000,1158200,61067300,None,None,None,None,43755500,19570500,None,4110805,USD,5360500,5677000,606100,0,-9400000,-11006600,9700,None,4563000,206300,10606800,4252700,209200,-288700,-1327600,-35100,71000,431900,4754400,71100,None,206300,97.98,99.67
18,2015-12-31,USD,16947500,5841400,1415500,15532000,9749700,5654400,0,0,9029400,0,5867700,None,9690600,-26300,720300,None,None,None,0,-149700,0,3375000,-1865900,0,5654400,5654400,None,USD,47406300,608000,None,677800,78080100,-30673800,5036400,1963200,406500,-31047400,2638000,608000,21853000,1031700,7510900,2028700,2028700,-32900,1121500,24431300,21246000,-30673800,17969300,4707300,64316500,45200,3519000,0,0,406500,0,-31047400,0,None,607500,None,22975000,None,64316500,1216300,70569200,None,None,None,None,47406300,19001000,-3488800,4124767,USD,4555500,-3562200,867000,0,-4300000,-5056900,9700,-312500,5655000,-54000,4135900,5989400,205400,-289000,-477600,14400,-88700,1591600,3688500,-102700,None,-54000,93.01,97.98
19,2015-09-30,USD,15999500,5772700,885000,15114500,9341800,5339600,0,0,8641700,0,5733900,None,9341800,38800,700100,None,None,None,0,0,0,3302100,0,0,5339600,5339600,None,USD,46774600,0,None,757500,82786400,-36011800,1536100,2139200,434700,-36412800,2785000,0,23022000,1060700,11398300,2064500,None,-33700,1218800,22534200,21994700,-36011800,18487200,2169200,68603200,59600,7194600,0,0,434700,0,-36412800,0,None,607500,None,419400,None,68603200,1248800,71388100,None,None,None,None,46774600,19547900,None,4128031,USD,5398700,862600,-1734600,0,-3400000,-3689100,None,None,5339000,-60100,5363600,5165500,204500,-289100,0,1200,14000,-797500,7133300,-72700,None,-60100,102.92,93.01
