,fiscalDateEnding,reportedCurrency_x,totalRevenue,totalOperatingExpense,costOfRevenue,grossProfit,ebit,netIncome_x,researchAndDevelopment,effectOfAccountingCharges,incomeBeforeTax,minorityInterest,sellingGeneralAdministrative,otherNonOperatingIncome,operatingIncome,otherOperatingExpense,interestExpense,taxProvision,interestIncome,netInterestIncome,extraordinaryItems,nonRecurring,otherItems,incomeTaxExpense,totalOtherIncomeExpense,discontinuedOperations,netIncomeFromContinuingOperations,netIncomeApplicableToCommonShares,preferredStockAndOtherAdjustments,reportedCurrency_y,totalAssets,intangibleAssets,earningAssets,otherCurrentAssets,totalLiabilities,totalShareholderEquity,deferredLongTermLiabilities,otherCurrentLiabilities,commonStock,retainedEarnings,otherLiabilities,goodwill,otherAssets,cash,totalCurrentLiabilities,shortTermDebt,currentLongTermDebt,otherShareholderEquity,propertyPlantEquipment,totalCurrentAssets,longTermInvestments,netTangibleAssets,shortTermInvestments,netReceivables,longTermDebt,inventory,accountsPayable,totalPermanentEquity,additionalPaidInCapital,commonStockTotalEquity,preferredStockTotalEquity,retainedEarningsTotalEquity,treasuryStock,accumulatedAmortization,otherNonCurrrentAssets,deferredLongTermAssetCharges,totalNonCurrentAssets,capitalLeaseObligations,totalLongTermDebt,otherNonCurrentLiabilities,totalNonCurrentLiabilities,negativeGoodwill,warrants,preferredStockRedeemable,capitalSurplus,liabilitiesAndShareholderEquity,cashAndShortTermInvestments,accumulatedDepreciation,commonStockSharesOutstanding,reportedCurrency,investments,changeInLiabilities,cashflowFromInvestment,otherCashflowFromInvestment,netBorrowings,cashflowFromFinancing,otherCashflowFromFinancing,changeInOperatingActivities,netIncome_y,changeInCash,operatingCashflow,otherOperatingCashflow,depreciation,dividendPayout,stockSaleAndPurchase,changeInInventory,changeInAccountReceivables,changeInNetIncome,capitalExpenditures,changeInReceivables,changeInExchangeRate,changeInCashAndCashEquivalents,clossingVal,nextClossingVal
0,2020-06-30,USD,83549000,33385000,54005000,29544000,-3818000,-4985000,None,None,-5075000,None,25277000,23000,-3841000,8108000,1257000,-90000,None,-1257000,None,None,None,-90000,23000,None,-4985000,-4985000,None,USD,393368000,70121000,None,66946000,231972000,161396000,None,19849000,120000,21873000,4105000,130236000,26080000,17160000,104733000,13866000,13866000,-762000,12791000,131461000,None,-38961000,None,47355000,104592000,None,71018000,None,None,120000,None,21873000,None,None,36131000,None,12628000,24517000,104592000,22647000,127239000,None,None,None,140165000,393368000,17160000,None,12012000,USD,-790000,-12854000,-790000,None,-7262000,-7130000,-199000,-417000,-4985000,4856000,12776000,3373000,5466000,None,331000,None,17986000,2640000,790000,19136000,None,4856000,25.01,
1,2020-03-31,USD,106026000,38960000,75335000,30691000,-8246000,-8159000,None,None,-9759000,None,31747000,23000,-8269000,7213000,1513000,-1605000,None,-1513000,None,None,None,-1600000,23000,None,-8159000,-8154000,None,USD,412803000,73580000,None,67342000,251066000,161737000,None,18451000,116000,26858000,4026000,130003000,27137000,12304000,115989000,13722000,13722000,-845000,13137000,146334000,None,-41846000,None,66688000,112268000,None,83816000,None,None,116000,None,26858000,None,None,38301000,None,11448000,24431000,112268000,22809000,135077000,None,None,None,135608000,412803000,12304000,None,11640000,USD,-2139000,-18063000,-2139000,17000,-4401000,-7464000,-1529000,-26940000,-8154000,6852000,16455000,40414000,4519000,None,-1534000,None,-4451000,2443000,2156000,-4704000,None,6852000,21.37,25.01
2,2019-12-31,USD,129416000,37688000,86199000,43217000,5691000,3202000,None,None,4390000,None,31470000,162000,5529000,6218000,1301000,1188000,None,-1301000,None,None,None,1188000,162000,None,3202000,3202000,None,USD,439913000,76837000,None,107672000,272635000,167278000,None,16643000,115000,35012000,5118000,127647000,25608000,5452000,131978000,13720000,13720000,-396000,12051000,175473000,None,-37206000,None,62349000,116631000,None,101615000,None,None,115000,None,35012000,None,None,38593000,None,9312000,24527000,116631000,24026000,140657000,None,None,None,132547000,439913000,5452000,None,11497000,USD,-26218000,15139000,-26218000,-25217000,28583000,28338000,-301000,8301000,3202000,5452000,3332000,-21320000,3848000,None,56000,None,-1864000,4037000,1001000,-1574000,None,5452000,31.78,21.37
3,2019-09-30,USD,117494000,33377000,82822000,34672000,1297000,416000,None,None,40000,None,25339000,2000,1295000,8038000,1257000,-376000,None,-1257000,None,None,None,-376000,2000,None,416000,416000,None,USD,362612000,68808000,None,91493000,207581000,155031000,None,12234000,113000,31810000,1482000,103090000,17870000,0,100645000,8220000,8220000,-480000,11690000,148387000,None,-16867000,None,56894000,95062000,None,80191000,None,None,113000,None,31810000,None,None,22538000,None,8099000,14679000,95062000,11874000,106936000,None,None,None,123588000,362612000,None,None,11317000,USD,-26755000,1419000,-26755000,-24738000,506000,3359000,-172000,-1506000,416000,-27602000,-4206000,-10641000,5912000,None,3025000,None,-2507000,4133000,2017000,-3792000,None,-27602000,35.08,31.78
4,2019-06-30,USD,104396000,101623000,73247000,31149000,5764000,1640000,None,None,1570000,None,19708000,18000,2773000,4913000,1221000,-70000,None,-1221000,None,None,None,-70000,18000,None,1640000,1640000,None,USD,341392000,48087000,None,65576000,193867000,147525000,None,11424000,112000,31394000,2021000,110204000,16854000,27602000,92502000,10643000,10643000,-438000,22592000,143655000,None,-10766000,None,46828000,90139000,None,30261000,None,None,112000,None,31394000,None,None,4366000,None,197737000,13657000,90139000,981000,101365000,None,None,None,116457000,341392000,27602000,None,12000000,USD,-1681000,-6027000,-1681000,9000,17081000,16214000,1763000,6408000,1640000,16541000,2008000,-2889000,2973000,None,-2630000,None,-2045000,1442000,1690000,-3068000,None,16541000,37.25,35.08
5,2019-03-31,USD,91793000,92027000,65858000,25935000,2516000,-417000,None,None,-1344000,None,19333000,11000,-234000,4426000,1121000,-927000,None,-1121000,None,None,None,-927000,11000,None,-417000,-417000,None,USD,320364000,50227000,None,62979000,176370000,143994000,None,11311000,111000,29754000,2458000,110509000,15903000,11061000,88789000,8100000,8100000,-219000,9573000,121588000,None,-16742000,None,44959000,75389000,None,36763000,None,None,111000,None,29754000,None,None,3651000,None,198776000,14308000,75389000,729000,87581000,None,None,None,114348000,320364000,11061000,None,11000000,USD,-23694000,-5926000,-23694000,-21765000,11690000,9009000,-3721000,-5589000,-417000,-4198000,10487000,-5117000,2739000,None,-2516000,None,18043000,1999000,1929000,17347000,None,-4198000,37.07,37.25
6,2018-12-31,USD,86438000,25289000,59470000,26968000,1733000,1201000,0,0,1108000,0,22521000,54000,1679000,2768000,625000,None,None,None,0,0,0,-93000,-2098000,0,1201000,1201000,None,USD,301836000,44364000,None,57596000,157547000,144289000,724000,8188000,110000,30171000,2874000,97748000,15632000,15259000,91310000,8892000,7072000,None,7998000,136094000,None,2177000,None,63239000,63139000,None,74230000,None,None,110000,None,30171000,None,None,3311000,12321000,165742000,224000,63363000,2150000,66237000,None,None,None,114008000,301836000,15259000,None,10968000,USD,None,104000,-122717000,-121332000,70365000,125296000,-528000,1309000,1201000,-1422000,-4001000,5220000,2820000,None,55459000,None,-9602000,406000,1385000,-13752000,None,-1422000,34.98,37.07
7,2018-09-30,USD,71386000,18400000,48073000,23313000,4930000,3311000,0,0,4908000,0,17283000,17000,4913000,1117000,22000,None,None,None,0,0,0,1597000,-605000,0,3311000,3311000,None,USD,140609000,10454000,None,47301000,54811000,85798000,2181000,9021000,89000,28970000,4598000,40187000,904000,16681000,50020000,216000,None,None,5042000,84022000,None,35157000,0,20040000,193000,43752000,40783000,0,0,89000,0,28970000,0,None,904000,None,56587000,193000,193000,2417000,4791000,None,None,None,56739000,140609000,16681000,None,8921000,USD,None,2561000,-204000,5000,-2114000,-1865000,-569000,-2255000,3311000,5456000,7525000,-4189000,1148000,0,818000,0,1856000,1034000,209000,3660000,None,5456000,33.96,34.98
8,2018-06-30,USD,59833000,18957000,36671000,23162000,4214000,3315000,0,0,4184000,0,17846000,9000,4205000,1111000,30000,None,None,None,0,0,0,869000,-21000,0,3315000,3315000,None,USD,138155000,11201000,None,45652000,58191000,79964000,3035000,10387000,89000,25659000,7153000,40342000,920000,11225000,48846000,237000,2429000,None,5142000,80550000,None,28421000,0,23673000,2000000,42410000,38222000,0,0,89000,0,25659000,0,None,920000,None,57605000,192000,2192000,4118000,9345000,None,None,None,54216000,138155000,11225000,None,8857000,USD,None,5605000,-3325000,-2958000,-617000,-1574000,-1019000,8371000,3315000,5872000,10771000,-28000,1142000,0,62000,0,-1567000,982000,367000,-245000,None,5872000,30.97,33.96
9,2018-03-31,USD,54595000,17554000,35067000,19528000,1984000,2203000,0,0,1961000,0,16490000,10000,1974000,1064000,23000,None,None,None,0,0,0,-242000,-13000,0,2203000,2203000,None,USD,127982000,10658000,None,45561000,52615000,75367000,3228000,9215000,89000,22344000,8163000,37714000,924000,5353000,41729000,298000,3021000,None,5189000,73497000,None,26995000,0,22583000,2500000,42296000,32216000,0,0,89000,0,22344000,0,None,924000,None,54485000,223000,2723000,4935000,10886000,None,None,None,52934000,127982000,5353000,None,8861000,USD,None,-11798000,-144000,0,-473000,-2200000,-2622000,-6285000,2203000,-9071000,-6727000,-16766000,1101000,0,895000,0,951000,938000,144000,17595000,None,-9071000,28.35,30.97
10,2017-12-31,USD,64161000,16980000,44187000,19974000,3036000,3290000,0,0,3013000,0,15927000,42000,2994000,1053000,23000,None,None,None,0,0,0,-277000,311000,0,3290000,3290000,None,USD,138172000,10666000,None,3760000,67520000,70652000,3077000,4246000,88000,19588000,5425000,38184000,826000,14424000,56358000,672000,4918000,None,5306000,83190000,None,21802000,0,65006000,2500000,24732000,51440000,0,0,88000,0,19588000,0,None,826000,None,54982000,160000,2660000,5425000,11162000,None,None,None,50976000,138172000,14424000,None,8799000,USD,None,5666000,-352000,-14603000,39000,139000,-50000,-1171000,3290000,8821000,9034000,-698000,1106000,0,150000,0,-14282000,-380000,352000,50000,None,8821000,23.94,28.35
11,2017-09-30,USD,69007000,16089000,48735000,20272000,4201000,2886000,0,0,4178000,0,15036000,18000,4183000,1053000,23000,None,None,None,0,0,0,1292000,0,0,2886000,2886000,None,USD,130852000,11145000,None,2831000,64423000,66429000,4276000,777000,88000,16298000,8855000,40056000,52008000,5603000,50265000,1583000,1209000,None,5360000,73484000,None,15228000,0,65050000,1500000,27188000,47905000,0,0,88000,0,16298000,0,None,807000,None,57368000,177000,1677000,8205000,14158000,None,None,None,50043000,130852000,5603000,None,8764000,USD,None,-6884000,-15019000,-14603000,-1069000,-657000,-150000,-6445000,2886000,-20720000,-5044000,782000,1106000,0,562000,0,0,1961000,416000,-4895000,None,-20720000,32.46,23.94
12,2017-06-30,USD,71833000,14226000,53044000,18789000,4564000,3312000,0,0,4532000,0,13292000,1000,4563000,934000,32000,None,None,None,0,0,0,1220000,0,0,3312000,3312000,None,USD,121662000,4846000,None,3146000,62676000,58986000,3268000,1525000,86000,13412000,2390000,21947000,27471000,26323000,56031000,2545000,4213000,None,5293000,88898000,None,32193000,0,59429000,1500000,29738000,51961000,0,0,86000,0,13412000,0,None,678000,None,32764000,168000,1668000,1709000,6645000,None,None,None,45488000,121662000,26323000,None,8628000,USD,None,1544000,-827000,0,-1131000,-757000,-1000,-1461000,5953000,6883000,8467000,-2564000,951000,0,375000,0,1313000,1337000,827000,1246000,None,6883000,30.55,32.46
13,2017-03-31,USD,68351000,15691000,50696000,17655000,2001000,2641000,0,0,1968000,0,14782000,37000,1964000,909000,33000,None,None,None,0,0,0,-673000,0,0,2641000,2641000,None,USD,116024000,5393000,None,3160000,61345000,54679000,2578000,1375000,86000,10100000,2453000,21947000,28022000,19440000,55360000,3568000,4943000,None,4755000,83247000,None,27339000,0,60647000,1500000,29179000,50417000,0,0,86000,0,10100000,0,None,682000,None,32777000,162000,1662000,1745000,5985000,None,None,None,44493000,116024000,19440000,None,8559000,USD,None,5596000,-583000,0,-1393000,-1257000,-1508000,-540000,2641000,-3228000,-1388000,2276000,919000,0,1644000,0,0,504000,583000,-10683000,None,-3228000,32.26,30.55
14,2016-12-31,USD,57425000,15390000,39346000,18079000,2689000,1569000,0,0,2647000,0,14494000,None,2689000,896000,42000,None,None,None,0,0,0,1078000,250000,0,1569000,1569000,None,USD,108347000,5941000,None,2601000,58429000,49918000,2556000,1925000,83000,7459000,2537000,21947000,707000,22668000,51052000,4306000,6231000,None,4511000,75241000,None,22030000,0,49972000,2074000,18988000,44821000,0,0,83000,0,7459000,0,None,707000,None,33106000,210000,2284000,2537000,7377000,None,None,None,42376000,108347000,22668000,None,8348000,USD,None,1299000,-261000,15000,-673000,-509000,1000,-711000,8299000,4081000,4851000,698000,906000,0,163000,0,-2687000,-91000,276000,2039000,None,4081000,22.59,32.26
15,2016-09-30,USD,58660000,13052000,42555000,16105000,3053000,2462000,0,0,3010000,0,12310000,None,3053000,742000,43000,None,None,None,0,0,0,548000,0,0,2462000,2462000,None,USD,106798000,6489000,None,2417000,59119000,47679000,4218000,1925000,83000,5890000,3104000,22264000,29235000,18587000,50946000,5499000,7424000,None,4424000,73139000,None,18926000,0,52135000,1400000,22887000,43522000,0,0,83000,0,5890000,0,None,482000,None,33659000,179000,1579000,2376000,8173000,None,None,None,41706000,106798000,18587000,None,8283000,USD,None,1180000,-397000,0,-1050000,-997000,-158000,-192000,2462000,8119000,9513000,2430000,638000,0,211000,0,3230000,1700000,397000,3565000,None,8119000,17.55,22.59
16,2016-06-30,USD,58941000,13885000,41092000,17849000,3965000,3190000,0,0,3921000,0,12929000,1000,3964000,956000,44000,None,None,None,0,0,0,731000,0,0,3190000,3190000,None,USD,102424000,3660000,None,2300000,57684000,44740000,2537000,2782000,83000,3428000,2673000,25288000,29374000,10468000,51009000,5803000,8585000,None,4239000,68811000,None,15792000,0,56043000,2045000,25443000,42424000,0,0,83000,0,3428000,0,None,426000,None,33613000,167000,2212000,1926000,6675000,None,None,None,41229000,102424000,10468000,None,8283000,USD,None,7385000,-732000,0,-1377000,-2502000,-1127000,98000,3190000,5629000,8863000,3575000,1094000,0,2000,0,2221000,590000,732000,-3781000,None,5629000,10.62,17.55
17,2016-03-31,USD,33915000,11810000,20267000,13648000,1839000,1078000,0,0,1789000,0,11200000,1000,1838000,610000,50000,None,None,None,0,0,0,711000,0,0,1078000,1078000,None,USD,93382000,4301000,None,2318000,52091000,41291000,1972000,1420000,81000,238000,5046000,25088000,29917000,4839000,42756000,6297000,None,None,3816000,59649000,None,11902000,0,52492000,2876000,17162000,35039000,0,0,81000,0,238000,0,None,528000,None,33733000,210000,3086000,4277000,9335000,None,None,None,40972000,93382000,4839000,None,8194000,USD,None,910000,-9114000,-8857000,-1067000,-907000,None,None,1078000,-11648000,-1627000,1122000,582000,0,160000,0,0,269000,257000,-4510000,None,-11648000,9.65,10.62
18,2015-12-31,USD,31522000,12638000,18428000,13094000,454000,380000,0,0,590000,0,11842000,-2000,456000,796000,-136000,None,None,None,0,0,0,210000,-589000,0,380000,380000,None,USD,72345000,1545000,None,2082000,34729000,37616000,1068000,1420000,79000,-840000,5042000,16097000,18146000,16487000,28016000,4483000,3488000,None,3684000,50515000,None,19974000,0,31946000,1085000,13840000,22113000,0,0,79000,0,-840000,0,None,504000,None,21830000,255000,1340000,4305000,6713000,None,None,None,38377000,72345000,16487000,None,7904000,USD,None,-323000,-790000,7000,12000,247000,1000,-482000,380000,2688000,3231000,1760000,1161000,0,235000,0,-5534000,-767000,797000,1400000,None,2688000,8.38,9.65
19,2015-09-30,USD,33511000,10919000,20951000,12560000,1642000,782000,0,0,1408000,0,10570000,1000,1641000,349000,234000,None,None,None,0,0,0,626000,0,0,782000,782000,None,USD,77001000,1649000,None,1702000,40309000,36692000,278000,3898000,79000,-1220000,4018000,16856000,22853000,15997000,34621000,3858000,None,None,2875000,51273000,None,18187000,0,33574000,1498000,18305000,26865000,0,0,79000,0,-1220000,0,None,460000,3888000,25728000,172000,1670000,3740000,5688000,None,None,None,37833000,77001000,15997000,None,7864000,USD,None,-3034000,-349000,0,-608000,-586000,None,None,782000,898000,1833000,-294000,537000,0,22000,0,0,1545000,349000,3079000,None,898000,10.14,8.38
