,fiscalDateEnding,reportedCurrency_x,totalRevenue,totalOperatingExpense,costOfRevenue,grossProfit,ebit,netIncome_x,researchAndDevelopment,effectOfAccountingCharges,incomeBeforeTax,minorityInterest,sellingGeneralAdministrative,otherNonOperatingIncome,operatingIncome,otherOperatingExpense,interestExpense,taxProvision,interestIncome,netInterestIncome,extraordinaryItems,nonRecurring,otherItems,incomeTaxExpense,totalOtherIncomeExpense,discontinuedOperations,netIncomeFromContinuingOperations,netIncomeApplicableToCommonShares,preferredStockAndOtherAdjustments,reportedCurrency_y,totalAssets,intangibleAssets,earningAssets,otherCurrentAssets,totalLiabilities,totalShareholderEquity,deferredLongTermLiabilities,otherCurrentLiabilities,commonStock,retainedEarnings,otherLiabilities,goodwill,otherAssets,cash,totalCurrentLiabilities,shortTermDebt,currentLongTermDebt,otherShareholderEquity,propertyPlantEquipment,totalCurrentAssets,longTermInvestments,netTangibleAssets,shortTermInvestments,netReceivables,longTermDebt,inventory,accountsPayable,totalPermanentEquity,additionalPaidInCapital,commonStockTotalEquity,preferredStockTotalEquity,retainedEarningsTotalEquity,treasuryStock,accumulatedAmortization,otherNonCurrrentAssets,deferredLongTermAssetCharges,totalNonCurrentAssets,capitalLeaseObligations,totalLongTermDebt,otherNonCurrentLiabilities,totalNonCurrentLiabilities,negativeGoodwill,warrants,preferredStockRedeemable,capitalSurplus,liabilitiesAndShareholderEquity,cashAndShortTermInvestments,accumulatedDepreciation,commonStockSharesOutstanding,reportedCurrency,investments,changeInLiabilities,cashflowFromInvestment,otherCashflowFromInvestment,netBorrowings,cashflowFromFinancing,otherCashflowFromFinancing,changeInOperatingActivities,netIncome_y,changeInCash,operatingCashflow,otherOperatingCashflow,depreciation,dividendPayout,stockSaleAndPurchase,changeInInventory,changeInAccountReceivables,changeInNetIncome,capitalExpenditures,changeInReceivables,changeInExchangeRate,changeInCashAndCashEquivalents,clossingVal,nextClossingVal
0,2020-06-30,USD,7350000,8265000,4508000,2842000,-579000,-825000,945000,None,-885000,None,2586000,None,-915000,None,None,-60000,None,None,None,None,None,-60000,30000,None,-825000,-825000,None,USD,41462000,None,None,None,10506000,30956000,None,None,158000,-351625000,410000,None,14000,21917000,6953000,None,723000,None,3799000,35086000,None,28493000,None,4899000,917000,7354000,2247000,None,None,None,None,None,None,None,114000,None,6376000,2601000,None,225000,3553000,None,None,None,None,None,None,None,None,USD,-23000,3004000,-23000,None,1637000,1595000,None,-1802000,-825000,1048000,-524000,None,336000,None,-42000,-547000,-843000,153000,23000,None,None,None,0.82,
1,2020-03-31,USD,6226000,4931000,4184000,2042000,-2831000,-2840000,1119000,None,-2831000,None,2496000,58000,-2889000,309000,None,9000,None,None,None,1007000,None,9000,-949000,None,-2840000,-2840000,None,USD,37526000,2728000,None,1298000,5865000,31661000,221000,1099000,157000,-350800000,315000,None,73000,20869000,5300000,None,None,None,1076000,33021000,None,28933000,None,4047000,None,6807000,4201000,None,None,157000,None,-350800000,-37326000,None,701000,None,4505000,339000,None,344000,565000,None,None,None,419630000,37526000,20869000,-6911000,None,USD,-72000,-2339000,-72000,11000,1637000,-1000,None,771000,-2840000,-1121000,-1048000,771000,474000,None,-1000,815000,873000,1198000,72000,873000,None,-1121000,0.78,0.82
2,2019-12-31,USD,7159000,4413000,4379000,2780000,-1524000,-1544000,1222000,None,-1524000,None,2649000,109000,-1633000,308000,None,20000,None,None,None,234000,None,20000,-125000,None,-1544000,-1544000,None,USD,42529000,4141000,None,1703000,8204000,34325000,268000,1314000,157000,-347960000,383000,None,157000,21990000,7557000,None,None,None,1073000,36248000,100000,30184000,None,4933000,None,7622000,6243000,None,None,157000,None,-347960000,-37325000,None,1067000,None,6281000,566000,None,379000,647000,None,None,None,419453000,42529000,21990000,-7073000,16000000,USD,-43000,10000,-43000,11000,1637000,-2000,None,188000,-1544000,275000,320000,188000,484000,None,-2000,696000,105000,381000,54000,105000,None,274000,0.895,0.78
3,2019-09-30,USD,7569000,5265000,5990000,1579000,-3561000,-3561000,1449000,None,-3561000,None,3508000,125000,-3686000,308000,None,0,None,None,None,None,None,None,125000,None,-3561000,-3561000,None,USD,43679000,4547000,None,1839000,7960000,35719000,330000,624000,157000,-346416000,432000,None,331000,21716000,7528000,None,None,None,1096000,36906000,100000,31172000,None,5033000,None,8318000,6904000,None,None,157000,None,-346416000,-37323000,None,1130000,None,6773000,641000,None,102000,432000,None,None,None,419301000,43679000,21716000,-7011000,16000000,USD,-1995000,-179000,-1995000,-1950000,1637000,-16000,None,310000,-3561000,-2359000,-348000,310000,491000,None,-16000,1625000,770000,196000,45000,770000,-2000,-2361000,1.36,0.895
4,2019-06-30,USD,9002000,5560000,5756000,3246000,-2150000,-2157000,1556000,None,-2150000,None,3696000,164000,-2314000,308000,None,7000,None,None,None,None,None,7000,164000,None,-2157000,-2157000,None,USD,47233000,2970000,None,1673000,8139000,39094000,393000,950000,156000,-342855000,557000,None,384000,24077000,7246000,None,None,None,1169000,41499000,100000,36124000,None,5806000,None,9943000,6296000,None,None,156000,None,-342855000,-37307000,None,1595000,None,5734000,785000,None,500000,893000,None,None,None,419100000,47233000,24077000,-6954000,15000000,USD,-14000,422000,-14000,None,None,-173000,None,-1070000,-2157000,-1383000,-1196000,-1070000,451000,None,-173000,-142000,1059000,241000,14000,1059000,3000,-1380000,1.88,1.36
5,2019-03-31,USD,9705000,11641000,6059000,3646000,-7811000,-8046000,1779000,None,-7811000,None,4357000,184000,-7995000,783000,None,28000,None,None,-207000,4722000,None,28000,-4538000,-207000,-7839000,-8046000,None,USD,48897000,3278000,None,1706000,7717000,41180000,444000,1217000,154000,-340698000,620000,None,492000,25457000,7097000,None,None,None,1298000,43829000,100000,37902000,0,6865000,None,9801000,5880000,None,None,154000,None,-340698000,-37135000,None,492000,None,5068000,None,None,176000,620000,None,None,None,418859000,48897000,25457000,-6811000,16000000,USD,-17000,502000,-17000,2779000,None,-195000,None,-269000,-8046000,-1610000,-1398000,-269000,934000,None,-195000,362000,115000,5004000,17000,115000,2000,-1608000,2.04,1.88
6,2018-12-31,USD,10722000,6303000,6132000,4590000,-1555000,-1556000,1736000,None,-1555000,None,3737000,158000,-1713000,830000,0,1000,None,None,None,None,None,1000,158000,-207000,-1556000,-1556000,None,USD,56354000,8783000,None,1169000,7215000,49139000,514000,679000,155000,-332652000,746000,None,760000,27065000,6469000,None,None,None,1434000,45377000,697000,40356000,None,6980000,None,10163000,5790000,None,None,155000,None,-332652000,-36941000,None,63000,None,10977000,None,None,232000,746000,None,None,None,418577000,56354000,27065000,-6749000,16000000,USD,None,-735000,-120000,2779000,None,-433000,None,-28000,-1556000,-1403000,-850000,-28000,979000,None,-433000,207000,-22000,305000,120000,-22000,-3000,-1406000,1.89,2.04
7,2018-09-30,USD,10106000,5951000,5913000,4193000,-1593000,-1741000,1843000,None,-1593000,None,3276000,165000,-1758000,832000,0,None,None,None,None,None,None,10000,165000,-138000,-1603000,-1741000,None,USD,58775000,9613000,None,1131000,7950000,50825000,557000,1095000,157000,-331096000,798000,0,713000,28471000,7152000,None,None,None,1463000,46929000,697000,41212000,0,6957000,0,10370000,6057000,0,0,157000,0,-331096000,-36510000,None,73000,None,11846000,None,None,241000,798000,None,None,None,418274000,58775000,28471000,-6600000,16000000,USD,1346000,283000,1243000,0,None,-200000,None,153000,-1741000,3972000,2929000,153000,971000,0,-200000,-643000,3619000,287000,103000,3619000,2000,3974000,2.66,1.89
8,2018-06-30,USD,13037000,6093000,7102000,5935000,-39000,-39000,1432000,None,-39000,None,3671000,119000,-158000,990000,0,None,None,None,None,None,None,0,119000,-138000,-39000,-39000,None,USD,60138000,10445000,None,1283000,7667000,52471000,599000,1530000,157000,-329355000,828000,0,715000,24497000,6839000,None,None,None,1498000,47424000,697000,42026000,1346000,10571000,0,9727000,5309000,0,0,157000,0,-329355000,-36311000,None,74000,None,12714000,None,None,229000,828000,None,None,None,417980000,60138000,25843000,-6741000,16000000,USD,1433000,-168000,1383000,0,None,-405000,None,-467000,-39000,-463000,-1441000,-467000,1142000,0,-405000,-505000,-1705000,301000,50000,-1705000,-3000,-466000,2.85,2.66
9,2018-03-31,USD,11096000,5991000,6047000,5049000,-853000,-916000,1352000,0,-853000,0,3592000,89000,-942000,1047000,0,None,None,None,0,165000,0,63000,89000,-138000,-916000,-916000,None,USD,60459000,11435000,None,816000,8164000,52295000,846000,1853000,156000,-329645000,1080000,0,671000,24963000,7084000,None,None,None,1601000,46652000,100000,40860000,2779000,8872000,0,9222000,5231000,0,0,156000,0,-329645000,-35907000,None,771000,None,13807000,None,None,234000,1080000,None,None,None,417691000,60459000,27742000,-6780000,16000000,USD,1758000,-1206000,1613000,2000,None,-16000,None,-430000,-916000,3473000,1876000,54000,1210000,0,-16000,242000,2175000,317000,147000,2175000,-2000,3471000,3.35,2.85
10,2017-12-31,USD,13675000,6041000,7599000,6076000,114000,799000,1542000,0,114000,0,3452000,79000,35000,1047000,0,None,None,None,0,330000,0,-685000,79000,-138000,799000,799000,None,USD,62316000,12482000,None,864000,9372000,52944000,912000,2097000,156000,-328729000,1253000,0,13259000,21492000,8119000,None,None,None,1630000,47427000,697000,40462000,4537000,11070000,0,9464000,6022000,0,0,156000,0,-328729000,-35891000,None,80000,None,14889000,None,None,341000,1253000,None,None,None,417408000,62316000,26029000,-7393000,16000000,USD,474000,-377000,467000,0,None,-102000,None,401000,799000,2311000,1946000,177000,1221000,0,-102000,519000,1025000,-393000,7000,None,-19000,2292000,3.75,3.35
11,2017-09-30,USD,17232000,7219000,9957000,7275000,733000,720000,2205000,0,733000,0,3801000,677000,56000,1048000,0,None,None,None,0,165000,0,13000,0,0,720000,720000,None,USD,61680000,13529000,None,1034000,9749000,51931000,929000,1470000,156000,-329528000,1246000,0,13616000,19200000,8503000,None,None,None,1798000,46266000,None,38402000,5011000,11038000,0,9983000,7033000,0,0,156000,0,-329528000,-35790000,None,87000,None,15414000,None,None,317000,1246000,None,None,None,417093000,61680000,24211000,-7267000,16000000,USD,-5011000,-2886000,-5110000,0,None,-82000,None,396000,720000,-4514000,678000,213000,1249000,0,-82000,2207000,1025000,-102000,99000,-723000,26000,-4488000,2.97,3.75
12,2017-06-30,USD,16574000,7370000,9807000,6767000,-560000,-572000,2276000,0,-560000,0,4047000,43000,-603000,1047000,0,None,None,None,0,165000,0,12000,0,0,-572000,-572000,None,USD,64035000,14576000,None,1181000,12477000,51558000,1008000,2514000,155000,-330248000,1251000,0,14729000,23688000,11219000,None,None,608000,1910000,47396000,None,36982000,0,10337000,0,12190000,8705000,0,0,155000,0,-330248000,-35708000,None,153000,None,16639000,None,None,250000,1258000,None,None,None,416751000,64035000,23688000,-14280000,15000000,USD,-5011000,-897000,-155000,0,None,-374000,None,-172000,-572000,1916000,2445000,235000,1277000,0,-374000,321000,1748000,333000,155000,1748000,-6000,1910000,3.13,2.97
13,2017-03-31,USD,15386000,7375000,8623000,6763000,-518000,-556000,2349000,0,-518000,0,3775000,94000,-612000,1151000,0,None,None,None,0,100000,0,38000,-5797000,0,-556000,-556000,None,USD,65541000,15624000,None,1409000,13367000,52174000,1102000,3530000,620000,-329676000,1401000,0,15784000,21778000,11966000,None,None,608000,1984000,47773000,100000,36550000,0,12075000,0,12511000,8436000,0,0,620000,0,-329676000,-35335000,None,160000,None,17768000,None,None,299000,1401000,None,None,None,415957000,65541000,21778000,-14078000,15000000,USD,10555000,-2830000,-69000,0,None,-17000,-175000,-735000,-556000,-2061000,-1975000,28000,1430000,0,-17000,478000,4281000,292000,69000,-817000,-3000,-2064000,0.7,3.13
14,2016-12-31,USD,14983000,7836000,8929000,6054000,-1797000,-1807000,2414000,0,-1797000,0,3720000,-15000,-1782000,1212000,0,None,None,None,0,490000,0,10000,0,0,-1807000,-1807000,None,USD,68627000,16775000,None,1407000,16129000,52498000,1247000,4031000,616000,-329120000,1615000,0,16965000,23842000,14484000,None,None,607000,2212000,49450000,None,35723000,0,11212000,0,12989000,10453000,0,0,616000,0,-329120000,-35318000,None,190000,None,19177000,None,None,398000,1645000,None,None,None,415713000,68627000,23842000,-14002000,15000000,USD,-5011000,-76000,-29000,0,None,-5000,None,495000,-1807000,2920000,2954000,495000,1484000,0,-5000,-311000,5098000,793000,29000,2376000,5000,2925000,0.65,0.7
15,2016-09-30,USD,17780000,12243000,11413000,6367000,-5802000,-5810000,3327000,0,-5802000,0,5114000,74000,-5876000,1201000,0,None,None,None,0,2601000,0,8000,0,0,-5810000,-5810000,None,USD,69766000,17987000,None,1923000,15708000,54058000,1388000,4269000,616000,-327313000,1829000,0,18155000,20917000,13855000,None,None,608000,2454000,49157000,None,36071000,0,13639000,0,12678000,9586000,0,0,616000,0,-327313000,-35313000,None,168000,None,20609000,None,None,465000,1853000,None,None,None,415460000,69766000,20917000,-13731000,15000000,USD,10090000,-1448000,9988000,0,None,-105000,-48000,None,-5810000,5745000,-4138000,-136000,1645000,0,-57000,1054000,2722000,3305000,102000,-2748000,-6000,5739000,0.5125,0.65
16,2016-06-30,USD,14816000,12348000,10251000,4565000,-7766000,-7768000,4277000,0,-7766000,0,5726000,17000,-7783000,1200000,0,None,None,None,0,1145000,0,2000,0,0,-7768000,-7768000,None,USD,73835000,19188000,None,1780000,14597000,59238000,1400000,2126000,612000,-321503000,1947000,0,19361000,15178000,12638000,None,None,608000,2809000,51665000,None,40050000,10090000,10885000,0,13732000,10512000,0,0,612000,0,-321503000,-35257000,None,173000,None,22170000,None,None,559000,1959000,None,None,None,414778000,73835000,25268000,-13371000,15000000,USD,465000,-4592000,69000,0,None,-211000,-127000,None,-7768000,-3994000,-3852000,128000,1585000,0,-84000,-234000,5470000,1559000,396000,5470000,3000,-3991000,0.7,0.5125
17,2016-03-31,USD,20904000,13104000,13011000,7893000,-5104000,-5076000,4713000,0,-5104000,0,6355000,107000,-5211000,1305000,0,None,None,None,0,731000,0,-27000,-114000,1000,-5077000,-5076000,None,USD,86031000,20388000,None,1900000,19347000,66684000,1246000,3449000,611000,-313735000,2100000,0,20571000,19169000,17237000,None,None,608000,3977000,61483000,100000,46296000,10555000,16361000,0,13498000,13788000,0,0,611000,0,-313735000,-35174000,None,183000,None,24548000,None,None,864000,2110000,None,None,None,414374000,86031000,29724000,-13221000,15000000,USD,-9313000,114000,-9469000,0,None,-59000,-38000,2992000,-5076000,-14379000,-4851000,544000,1763000,0,-21000,573000,-4476000,916000,156000,-3685000,-11000,-14390000,1.17,0.7
18,2015-12-31,USD,20215000,12838000,12252000,7963000,-4790000,-4797000,4893000,0,-4790000,0,6527000,85000,-4875000,1418000,0,None,None,None,0,0,0,7000,0,0,-4797000,-4797000,None,USD,90109000,21693000,None,2519000,18619000,71490000,1154000,3005000,610000,-308572000,2314000,0,21801000,33559000,16230000,None,None,608000,4291000,64017000,None,49797000,1242000,12626000,0,14071000,13225000,0,0,610000,0,-308572000,-35153000,None,108000,None,26092000,None,None,1235000,2389000,None,None,None,413997000,90109000,34801000,-13471000,15000000,USD,2234000,-882000,1988000,0,None,-317000,-315000,None,-4797000,684000,-987000,-17000,1840000,0,-2000,-1875000,0,193000,246000,4551000,-3000,681000,1.26,1.17
19,2015-09-30,USD,25514000,12663000,14916000,10231000,-2493000,-2473000,4625000,0,-2493000,0,6606000,-61000,-2432000,1432000,0,None,None,None,0,0,0,-20000,0,0,-2473000,-2473000,None,USD,96898000,23110000,None,2470000,20873000,76025000,1104000,3339000,610000,-303775000,2555000,0,23250000,32878000,17185000,None,None,608000,4468000,69180000,None,52915000,3476000,18160000,0,12196000,13846000,0,0,610000,0,-303775000,-35151000,None,140000,None,27718000,None,None,2584000,3688000,None,None,None,413733000,96898000,36354000,-13047000,15000000,USD,12595000,385000,11520000,0,None,-324000,-288000,None,-2473000,12036000,840000,1009000,1799000,0,-36000,2589000,0,266000,1075000,-2735000,-5000,12031000,1.14,1.26
