,fiscalDateEnding,reportedCurrency_x,totalRevenue,totalOperatingExpense,costOfRevenue,grossProfit,ebit,netIncome_x,researchAndDevelopment,effectOfAccountingCharges,incomeBeforeTax,minorityInterest,sellingGeneralAdministrative,otherNonOperatingIncome,operatingIncome,otherOperatingExpense,interestExpense,taxProvision,interestIncome,netInterestIncome,extraordinaryItems,nonRecurring,otherItems,incomeTaxExpense,totalOtherIncomeExpense,discontinuedOperations,netIncomeFromContinuingOperations,netIncomeApplicableToCommonShares,preferredStockAndOtherAdjustments,reportedCurrency_y,totalAssets,intangibleAssets,earningAssets,otherCurrentAssets,totalLiabilities,totalShareholderEquity,deferredLongTermLiabilities,otherCurrentLiabilities,commonStock,retainedEarnings,otherLiabilities,goodwill,otherAssets,cash,totalCurrentLiabilities,shortTermDebt,currentLongTermDebt,otherShareholderEquity,propertyPlantEquipment,totalCurrentAssets,longTermInvestments,netTangibleAssets,shortTermInvestments,netReceivables,longTermDebt,inventory,accountsPayable,totalPermanentEquity,additionalPaidInCapital,commonStockTotalEquity,preferredStockTotalEquity,retainedEarningsTotalEquity,treasuryStock,accumulatedAmortization,otherNonCurrrentAssets,deferredLongTermAssetCharges,totalNonCurrentAssets,capitalLeaseObligations,totalLongTermDebt,otherNonCurrentLiabilities,totalNonCurrentLiabilities,negativeGoodwill,warrants,preferredStockRedeemable,capitalSurplus,liabilitiesAndShareholderEquity,cashAndShortTermInvestments,accumulatedDepreciation,commonStockSharesOutstanding,reportedCurrency,investments,changeInLiabilities,cashflowFromInvestment,otherCashflowFromInvestment,netBorrowings,cashflowFromFinancing,otherCashflowFromFinancing,changeInOperatingActivities,netIncome_y,changeInCash,operatingCashflow,otherOperatingCashflow,depreciation,dividendPayout,stockSaleAndPurchase,changeInInventory,changeInAccountReceivables,changeInNetIncome,capitalExpenditures,changeInReceivables,changeInExchangeRate,changeInCashAndCashEquivalents,clossingVal,nextClossingVal
0,2020-06-30,USD,290071000,259368000,None,290071000,30703000,21659000,None,None,30703000,None,259368000,None,30703000,27246000,66685000,9044000,329816000,263131000,None,None,None,9044000,None,None,21659000,19609000,2050000,USD,43540017000,41368000,9197680000,None,39549799000,3990218000,None,35651874000,58294000,1921048000,1098645000,644213000,32043881000,4360071000,38351400000,1228416000,8458000,-597000,769909000,36901919000,4029014000,2892137000,3194961000,32541848000,1198399000,None,1471110000,None,None,58294000,412500000,1921048000,-44891000,None,1153594000,None,6638098000,None,1198399000,None,1198399000,None,None,None,1643864000,43540017000,4360071000,None,None,USD,-4514360000,35073000,-4528612000,2495000,10901000,4514099000,4244067000,36743000,21659000,-4370000,10143000,10929000,26694000,-18169000,277300000,None,45123000,-84212000,16747000,None,None,-4370000,43.62,
1,2020-03-31,USD,321724000,234641000,None,321724000,87083000,62812000,None,None,87083000,None,234641000,None,87083000,24160000,82624000,24271000,344067000,261443000,None,None,None,24271000,None,None,62812000,60762000,2050000,USD,38799847000,44185000,7428581000,None,35099454000,3700393000,None,31461660000,58266000,1917558000,890336000,643441000,28559224000,2292861000,33922206000,1174894000,12127000,-7603000,764583000,31360593000,4230150000,2887767000,3570959000,29067732000,1177248000,None,1285652000,None,None,58266000,125000000,1917558000,-44891000,None,1756895000,None,7439254000,None,1177248000,None,1177248000,None,None,None,1652063000,38799847000,2292861000,None,58000000,USD,-1431715000,-7829000,-1448882000,4218000,88073000,1891643000,1858778000,-7549000,62812000,62951000,-379810000,-223998000,25138000,-18167000,-37041000,None,-214272000,-235933000,21385000,None,None,62951000,32.86,43.62
2,2019-12-31,USD,366273000,249591000,None,366273000,116682000,85964000,None,None,116682000,None,249591000,None,116682000,29630000,87852000,30718000,349731000,261879000,None,None,None,-218090000,-4861000,None,334772000,83914000,2050000,USD,36620583000,47057000,7166635000,680403000,32929333000,3691250000,None,30107138000,57951000,1899630000,692707000,645220000,27223451000,2450727000,31821498000,674870000,20520000,-34678000,985520000,3528441000,31262457000,2873973000,3106214000,1077714000,1107835000,15175000,1039490000,None,None,57951000,125000000,1899630000,-6931000,None,151888000,None,33092142000,None,1107835000,None,1107835000,None,None,None,1650278000,36620583000,2450727000,None,57821891,USD,-1076517000,-3072000,-1229785000,-122697000,4530000,778499000,790600000,-4702000,85964000,-162338000,288948000,37456000,25628000,-16499000,-132000,None,46492000,142972000,30571000,None,None,-162338000,70.9,32.86
3,2019-09-30,USD,369155000,234554000,None,369155000,134601000,99121000,None,None,134601000,None,234554000,None,134601000,24138000,89775000,35480000,354627000,264852000,None,None,None,35480000,-4240000,None,99121000,97071000,2050000,USD,34911902000,43657000,6462104000,736799000,31371577000,3540325000,None,28710379000,56825000,1830165000,600107000,584315000,26239278000,2709561000,30271318000,574847000,9677000,-38877000,721856000,29360776000,3833792000,2787353000,2270059000,26651215000,1100033000,17739000,986092000,None,None,56825000,125000000,1830165000,-6799000,None,367506000,None,5551126000,None,1100033000,226000,1100259000,None,None,None,1574011000,34911902000,2709561000,None,57000000,USD,-968805000,-58059000,-978854000,10104000,-5417000,1171860000,1193648000,-59433000,99121000,147822000,-45184000,-66613000,23046000,-16222000,-149000,None,-42547000,-42679000,20153000,None,None,147822000,64.63,70.9
4,2019-06-30,USD,339780000,229607000,None,339780000,110173000,81466000,None,None,110173000,None,229607000,None,110173000,24776000,80612000,28707000,346814000,266202000,None,None,None,28707000,-8374000,None,81466000,79416000,2050000,USD,33641769000,46588000,5578812000,666963000,30194819000,3446950000,None,27518815000,56794000,1747266000,644634000,584911000,25797000000,1738039000,29087175000,574823000,10182000,-45429000,711214000,27919742000,3775193000,2690451000,2186154000,26181703000,1107644000,20100000,993537000,None,None,56794000,125000000,1747266000,-6650000,None,604121000,None,5722027000,None,1107644000,None,1107644000,None,None,None,1569969000,33641769000,1738039000,None,57000000,USD,-775106000,68547000,-778710000,14085000,337447000,874335000,553104000,69197000,81466000,30169000,-65456000,-109409000,23729000,-16216000,0,None,-109407000,-129789000,17689000,None,None,30169000,73.16,64.63
5,2019-03-31,USD,333019000,214374000,0,333019000,118645000,89146000,None,None,118645000,None,214374000,None,118645000,22228000,71984000,29499000,333970000,261986000,None,None,None,29499000,-7145000,None,89146000,87096000,2050000,USD,32358621000,46566000,5457256000,524021000,28986649000,3371972000,None,26804742000,56765000,1682016000,550269000,573658000,24592628000,1880617000,28221654000,576353000,16212000,-50344000,676037000,26839745000,3486440000,2626748000,2185782000,24959128000,764995000,21790000,840559000,None,None,56765000,125000000,1682016000,-6650000,None,736175000,None,5518876000,None,764995000,None,764995000,None,None,None,1565185000,32358621000,1880617000,None,57000000,USD,-1020347000,-19314000,-1031600000,2355000,-24463000,822538000,864190000,-20924000,89146000,-121377000,87685000,-25926000,22564000,-16173000,-1016000,None,-31524000,21215000,13608000,None,None,-121377000,67.33,73.16
6,2018-12-31,USD,318995000,211333000,76909000,318995000,107662000,79657000,0,0,107662000,0,211333000,None,107662000,19068000,66508000,29214000,320596000,254088000,1209000,0,0,-205929000,-7066000,0,313591000,77607000,2050000,USD,31244849000,49424000,4918213000,524351000,27977279000,3267570000,None,26094678000,56518000,1610574000,585531000,573141000,24123571000,1491736000,27190622000,426300000,162379000,-76872000,904377000,2201052000,27127203000,2520005000,1099594000,709316000,786631000,25100000,669644000,None,None,56518000,125000000,1610574000,-5634000,None,389652000,None,29043797000,None,786631000,None,786631000,None,None,None,1557984000,31244849000,1491736000,None,57000000,USD,-792779000,-90167000,-847812000,-39399000,28145000,843938000,828643000,-87127000,79657000,112207000,116081000,-31453000,20170000,-12763000,-87000,None,None,137874000,15634000,None,None,112207000,66.49,67.33
7,2018-09-30,USD,336451000,213637000,68441000,336451000,122814000,91948000,0,0,122814000,0,213637000,None,122814000,20848000,57399000,30866000,304962000,247563000,0,0,0,30866000,-8053000,0,91948000,89898000,2050000,USD,30142731000,27378000,4942976000,592990000,26962909000,3179822000,0,24916715000,56486000,1543680000,578130000,537560000,23457562000,1416980000,26196600000,615000000,1381309000,-93150000,664469000,27272377000,1305237000,2489884000,2164985000,23690412000,766309000,28597000,664885000,0,0,56486000,125000000,1543680000,-5547000,None,136469000,None,2671113000,None,766309000,None,766309000,None,None,None,1553353000,30142731000,3581965000,None,57000000,USD,-569674000,-29208000,-569446000,20549000,113601000,386420000,285773000,-28208000,91948000,-24649000,158377000,-45597000,18851000,-12762000,-192000,32919000,0,122383000,20321000,None,None,-24649000,84.94,66.49
8,2018-06-30,USD,328360000,206769000,50920000,328360000,121591000,89580000,0,0,121591000,0,206769000,None,121591000,20371000,45877000,32011000,284047000,238170000,0,0,0,32011000,-6021000,0,89580000,87530000,2050000,USD,29464588000,21414000,4838362000,696502000,26357717000,3106871000,0,24365479000,56437000,1464494000,597657000,509957000,22926387000,1525987000,25709302000,667000000,1384779000,-81216000,639345000,26617254000,1347408000,2450500000,1940787000,23150480000,648415000,35636000,676823000,0,0,56437000,125000000,1464494000,-5355000,None,135050000,None,2653174000,None,648415000,None,648415000,None,None,None,1547511000,29464588000,3466774000,None,57000000,USD,-828575000,79517000,-847229000,2084000,11142000,840041000,841648000,87399000,89580000,73178000,80366000,-72859000,19101000,-12749000,11378000,0,0,-34973000,20738000,None,None,73178000,87.05,84.94
9,2018-03-31,USD,302415000,194349000,44469000,302415000,108066000,81981000,0,0,108066000,0,194349000,None,108066000,19283000,36123000,None,None,None,0,0,0,26085000,-8259000,0,81981000,79931000,2050000,USD,28456772000,22413000,None,647636000,25425522000,3031250000,0,23279327000,56364000,1387663000,591426000,511497000,4247507000,1211787000,24785753000,915000000,1610468000,-73095000,626687000,25656431000,1306124000,2372340000,1895688000,22548956000,639769000,448103000,591426000,0,0,56364000,125000000,1387663000,-5355000,None,142845000,None,2609566000,None,639769000,None,639769000,None,None,None,1540673000,28456772000,3107475000,None,57000000,USD,-474871000,12857000,-499011000,-12560000,-15631000,430526000,459239000,14757000,81981000,-46127000,22358000,-4006000,16954000,-12713000,-369000,0,0,-85428000,11580000,None,None,-46127000,86.05,87.05
10,2017-12-31,USD,824867000,1240712000,40513000,1120586000,-569562000,68781000,0,0,95785000,0,141663000,None,599230000,92335000,82692000,None,None,None,0,0,0,27004000,-22997000,0,101376000,66731000,None,USD,27915970000,17621000,None,541241000,24939031000,2976939000,0,23183347000,56068000,1313657000,537244000,501884000,4096112000,1340776000,24280291000,559700000,94663000,-41835000,834230000,25241139000,1141036000,2332434000,1803666000,22096697000,658789000,354238000,537244000,0,0,56068000,125000000,1313657000,-4986000,None,180060000,None,2674831000,None,658789000,None,658789000,None,None,None,1529035000,27915970000,3144442000,None,57000000,USD,-427857000,0,-2303744000,3331000,398112000,1910249000,1524848000,29443000,68781000,7546000,401041000,None,63107000,-40543000,0,177052000,0,175886000,59194000,None,None,None,82.37,86.05
11,2017-09-30,USD,287823000,183575000,39596000,287823000,104248000,65626000,0,0,104248000,0,183575000,None,104248000,-13965000,4928000,None,None,None,0,0,0,38622000,0,0,65626000,63576000,2050000,USD,27358162000,18651000,None,595717000,24449237000,2908925000,0,22895063000,55940000,1254759000,440914000,502021000,4044339000,1470624000,23804059000,468962000,1149033000,-41486000,609978000,24520432000,1190265000,2263253000,1665903000,21383905000,644298000,407660000,440034000,0,0,55940000,125000000,1254759000,-4884000,None,322987000,None,2643902000,None,644298000,880000,645178000,None,None,None,1519596000,27358162000,3136527000,None,57000000,USD,-458645000,-58706000,-468350000,3618000,-35274000,400500000,445638000,-59056000,65626000,-44209000,23641000,-20567000,18052000,-9864000,0,103683000,0,19236000,13323000,None,None,-44209000,78.31,82.37
12,2017-06-30,USD,285490000,183544000,35663000,285490000,101946000,64897000,0,0,101946000,0,183544000,None,101946000,-12774000,3593000,None,None,None,0,0,0,37049000,0,0,64897000,62847000,2050000,USD,26929265000,19546000,None,598128000,24089807000,2839458000,0,22605692000,55802000,1198997000,495540000,500260000,3931274000,1307740000,23414351000,318270000,1026226000,-46537000,605211000,24171757000,1178200000,2194652000,1649636000,21214381000,670305000,422198000,490389000,0,0,55802000,125000000,1198997000,-4884000,None,263043000,None,2566260000,None,670305000,5151000,675456000,None,None,None,1511080000,26929265000,2957376000,None,57000000,USD,-953908000,60897000,-913633000,55712000,38895000,997646000,968594000,60787000,64897000,79013000,-5000000,-57349000,16987000,-9843000,0,72145000,0,-90432000,15437000,None,None,79013000,76.44,78.31
13,2017-03-31,USD,256136000,168118000,28388000,256136000,88018000,58378000,0,0,88018000,0,168118000,None,88018000,6373000,23179000,None,None,None,0,0,0,29640000,0,0,58378000,54750000,3628000,USD,25778893000,20687000,None,498587000,23013910000,2764983000,0,21730441000,52605000,1143943000,424538000,499341000,3770424000,1221570000,22382564000,227585000,466372000,-59824000,598746000,23414454000,957442000,1993698000,1803733000,20389151000,631346000,328828000,424538000,0,0,52605000,251257000,1143943000,-4884000,None,132990000,None,2209206000,None,631346000,None,631346000,None,None,None,1381886000,25778893000,3025303000,None,56000000,USD,-350892000,-83348000,-306334000,55381000,-23732000,123696000,158676000,-81338000,58378000,-52897000,129741000,-3000000,16169000,-10953000,-295000,145457000,0,141542000,10823000,None,None,-52897000,69.12,76.44
14,2016-12-31,USD,737983000,655644000,31585000,1009223000,-258890000,54608000,0,0,88332000,0,128521000,None,463678000,50157000,66751000,None,None,None,0,0,0,33724000,-21725000,0,59258000,50979000,None,USD,25668553000,21851000,None,622887000,22972936000,2695617000,0,21658632000,51978000,1096518000,505450000,498587000,3724390000,1247651000,22317913000,153831000,52635000,-65328000,726703000,23172176000,1056068000,1923922000,1724667000,20199858000,655023000,458656000,505450000,0,0,51978000,251257000,1096518000,-4589000,None,193168000,None,2496377000,None,655023000,None,655023000,None,None,None,1365781000,25668553000,2972318000,None,54000000,USD,-74719000,0,-2492665000,41414000,-721694000,2177834000,2769022000,115708000,54608000,-5750000,309081000,None,53148000,-38568000,152911000,82645000,0,-20544000,33923000,None,None,None,72.57,69.12
15,2016-09-30,USD,261669000,176615000,33084000,261669000,85054000,53115000,0,0,85054000,0,176615000,None,85054000,52091000,1719000,None,None,None,0,0,0,31939000,0,0,53115000,49487000,3628000,USD,25321759000,20736000,None,None,22647285000,2674474000,0,21147655000,51811000,1051748000,446123000,485938000,3988675000,1058929000,22013410000,419632000,660998000,-32579000,597263000,22379027000,1493493000,1916543000,1650096000,19670002000,633875000,594684000,446123000,0,0,51811000,251257000,1051748000,-4522000,None,228947000,None,2826377000,None,633875000,None,633875000,None,None,None,1356759000,25321759000,2709025000,None,56000000,USD,-543053000,-39674000,-953736000,-406642000,-11296000,919454000,940958000,None,53115000,-24628000,9654000,-24356000,13390000,-9831000,-377000,0,0,7179000,4041000,None,None,-24628000,55.57,72.57
16,2016-06-30,USD,250940000,170969000,30923000,250940000,79971000,50041000,0,0,79971000,0,170969000,None,79971000,-36283000,1072000,None,None,None,0,0,0,29930000,0,0,50041000,46413000,3628000,USD,24420616000,21821000,None,None,21797021000,2623595000,0,20041750000,51708000,1008464000,522124000,486095000,4104526000,960820000,21111929000,588055000,840666000,-34440000,595792000,20355662000,1550080000,1864422000,637663000,18757179000,645092000,592319000,482124000,0,0,51708000,251257000,1008464000,-4145000,None,1295688000,None,3949476000,None,645092000,40000000,685092000,None,None,None,1350751000,24420616000,1598483000,None,53000000,USD,-718358000,58569000,-540891000,193025000,-549000,759186000,616371000,None,50041000,59275000,-159020000,-53031000,14894000,-9459000,152823000,0,0,-229493000,15558000,None,None,59275000,51.0,55.57
17,2016-03-31,USD,232227000,153730000,28756000,232227000,78497000,49111000,0,0,78497000,0,153730000,None,78497000,9332000,20722000,None,None,None,0,0,0,29386000,0,0,49111000,45483000,3628000,USD,23488168000,23725000,None,None,21069726000,2418442000,0,19217071000,48608000,967882000,407593000,484280000,4039108000,1025493000,20424146000,799482000,1052608000,-39910000,591608000,19808837000,1228385000,1659180000,770983000,18012361000,645580000,355556000,407593000,0,0,48608000,251257000,967882000,-4145000,None,1261996000,None,3589994000,None,645580000,None,645580000,None,None,None,1194750000,23488168000,1796476000,None,52000000,USD,-600674000,12187000,-517675000,91676000,-23395000,387818000,420825000,None,49111000,-63495000,66362000,-84956000,14242000,-9440000,-172000,89771000,0,75778000,8677000,None,None,-63495000,44.34,51.0
18,2015-12-31,USD,649691000,606929000,29340000,880184000,0,35511000,0,0,56407000,0,122843000,None,88698000,74242000,57096000,None,None,None,0,0,0,20896000,-21490000,0,156749000,31882000,None,USD,22917166000,24209000,None,581130000,20564892000,2352274000,0,18639634000,48469000,928211000,390797000,471761000,3850986000,879236000,19889769000,859876000,26426000,-62708000,655426000,20240889000,1273312000,1605017000,1716388000,17645265000,674585000,431983000,390259000,0,0,48469000,251287000,928211000,-3973000,None,251569000,None,2676277000,None,674585000,538000,675123000,None,None,None,1190988000,22917166000,2595624000,None,52000000,USD,439034000,0,-1641553000,54965000,159601000,1648689000,1381425000,-3118000,35511000,45088000,37952000,None,39261000,-29888000,0,67947000,0,-5301000,43459000,None,None,None,48.52,44.34
19,2015-09-30,USD,222171000,159974000,28161000,222171000,62197000,38355000,0,0,62197000,0,159974000,None,62197000,0,1490000,None,None,None,0,0,0,23842000,0,0,38355000,34276000,4079000,USD,22043930000,25533000,None,None,19708194000,2335736000,0,18228469000,48422000,901652000,359851000,472166000,3722430000,948447000,19039033000,451330000,None,-49093000,587348000,20071272000,350317000,1586725000,2214281000,16908544000,668544000,403485000,359234000,0,0,48422000,251312000,901652000,-3964000,None,537294000,None,1972658000,None,668544000,617000,669161000,None,None,None,1187407000,22043930000,3162728000,None,52000000,USD,-398994000,-46474000,-418284000,-15393000,-15931000,325181000,348314000,None,38355000,-1554000,91549000,-72345000,11533000,-6893000,-309000,87722000,0,160480000,3897000,None,None,-1554000,53.43,48.52
