,fiscalDateEnding,reportedCurrency_x,totalRevenue,totalOperatingExpense,costOfRevenue,grossProfit,ebit,netIncome_x,researchAndDevelopment,effectOfAccountingCharges,incomeBeforeTax,minorityInterest,sellingGeneralAdministrative,otherNonOperatingIncome,operatingIncome,otherOperatingExpense,interestExpense,taxProvision,interestIncome,netInterestIncome,extraordinaryItems,nonRecurring,otherItems,incomeTaxExpense,totalOtherIncomeExpense,discontinuedOperations,netIncomeFromContinuingOperations,netIncomeApplicableToCommonShares,preferredStockAndOtherAdjustments,reportedCurrency_y,totalAssets,intangibleAssets,earningAssets,otherCurrentAssets,totalLiabilities,totalShareholderEquity,deferredLongTermLiabilities,otherCurrentLiabilities,commonStock,retainedEarnings,otherLiabilities,goodwill,otherAssets,cash,totalCurrentLiabilities,shortTermDebt,currentLongTermDebt,otherShareholderEquity,propertyPlantEquipment,totalCurrentAssets,longTermInvestments,netTangibleAssets,shortTermInvestments,netReceivables,longTermDebt,inventory,accountsPayable,totalPermanentEquity,additionalPaidInCapital,commonStockTotalEquity,preferredStockTotalEquity,retainedEarningsTotalEquity,treasuryStock,accumulatedAmortization,otherNonCurrrentAssets,deferredLongTermAssetCharges,totalNonCurrentAssets,capitalLeaseObligations,totalLongTermDebt,otherNonCurrentLiabilities,totalNonCurrentLiabilities,negativeGoodwill,warrants,preferredStockRedeemable,capitalSurplus,liabilitiesAndShareholderEquity,cashAndShortTermInvestments,accumulatedDepreciation,commonStockSharesOutstanding,reportedCurrency,investments,changeInLiabilities,cashflowFromInvestment,otherCashflowFromInvestment,netBorrowings,cashflowFromFinancing,otherCashflowFromFinancing,changeInOperatingActivities,netIncome_y,changeInCash,operatingCashflow,otherOperatingCashflow,depreciation,dividendPayout,stockSaleAndPurchase,changeInInventory,changeInAccountReceivables,changeInNetIncome,capitalExpenditures,changeInReceivables,changeInExchangeRate,changeInCashAndCashEquivalents,clossingVal,nextClossingVal
0,2020-06-30,USD,1577000,None,None,None,None,345000,None,None,520000,None,None,None,None,962000,570000.0,175000,2087000,1517000,None,None,None,175000,None,None,345000,345000,None,USD,357101000,None,None,None,320188000,36913000,None,None,36913000,None,9694000,None,104521000,2500000,None,None,59159000.0,None,None,None,None,36913000,None,None,None,None,None,None,None,None,None,None,None,None,None,None,None,None,None,None,None,None,None,None,None,None,None,None,None,USD,None,None,None,None,None,None,None,None,345000,None,None,None,None,None,None,None,None,None,0,None,None,None,13.2,
1,2020-03-31,USD,1727000,884000,None,1727000,843000,625000,None,None,843000,None,884000,None,843000,198000,990000.0,218000,2640000,1650000,None,None,None,218000,None,None,625000,625000,None,USD,374047000,None,272696000,1592000,341775000,32272000,None,153455000,38000,46420000,3837000,None,97478000,26163000,254718000,100602000,85602000.0,-7145000,535000,170229000,94147000,32272000,141429000,1045000,100000000,None,661000,None,None,38000,None,46420000,-28616000,None,107403000,None,1733000,None,None,87057000,87057000,None,None,None,21575000,374047000,167592000,None,2000000,USD,-16817000,-25000,-24945000,-8056000,17572000,23484000,6324000,-112000,625000,-670000,791000,None,88000,-178000,-234000,None,7000,96000,72000,7000,None,-670000,13.11,13.2
2,2020-01-31,USD,1689000,None,None,None,None,625000,None,None,843000,None,623000,None,None,198000,990000.0,218000,2640000,1650000,None,None,None,218000,None,None,625000,625000,None,USD,374047000,None,None,None,341775000,32272000,None,None,38000,46420000,3837000,None,97478000,3964000,None,None,85602000.0,-7145000,535000,None,161826000,32272000,158331000,1045000,100000000,None,661000,None,None,None,None,None,None,None,None,None,None,None,None,None,None,None,None,None,None,None,None,None,None,USD,None,0,-24945000,85000,17572000,None,6324000,-112000,None,None,791000,None,None,None,None,None,None,108000,0,None,None,None,16.93,13.11
3,2019-12-31,USD,1791000,870000,None,1791000,921000,727000,None,None,921000,None,870000,None,921000,226000,1110000.0,194000,2771000,1661000,None,None,None,194000,None,None,727000,727000,None,USD,355248000,None,254352000,1591000,317735000,37513000,None,147131000,38000,45973000,3233000,None,96604000,10016000,230949000,83030000,68030000.0,-1684000,474000,150719000,94835000,37513000,138060000,1052000,100000000,None,788000,None,None,38000,None,45973000,-28382000,None,108958000,None,262000,None,None,86786000,86786000,None,None,None,21568000,355248000,148076000,None,2000000,USD,-952000,84000,-1080000,-347000,8476000,-4194000,-12493000,4000,727000,-4271000,1003000,None,76000,-177000,0,None,128000,-12000,128000,128000,None,-4271000,16.02,16.93
4,2019-10-31,USD,1756000,None,None,None,None,727000,None,None,921000,None,587000,None,None,226000,1110000.0,194000,2771000,1661000,None,None,None,194000,None,None,727000,727000,None,USD,355248000,None,None,None,317735000,37513000,None,None,38000,45973000,3233000,None,96604000,4633000,None,None,68030000.0,-1684000,474000,None,141555000,37513000,138060000,1052000,100000000,None,788000,None,None,None,None,None,None,None,None,None,None,None,None,None,None,None,None,None,None,None,None,None,None,USD,None,0,-1080000,-347000,8476000,None,-12493000,4000,None,None,1003000,None,None,None,None,None,None,155000,0,None,None,None,15.58,16.02
5,2019-09-30,USD,1923000,847000,None,1923000,1076000,793000,None,None,1076000,None,847000,None,1076000,205000,1184000.0,283000,2987000,1803000,None,None,None,283000,23000,None,793000,793000,None,USD,358573000,None,258705000,2587000,321935000,36638000,None,159624000,38000,45423000,2942000,None,95950000,13940000,234975000,74554000,59554000.0,-2001000,355000,152457000,93828000,36638000,134750000,1180000,100000000,None,797000,None,None,38000,None,45423000,-28382000,None,111569000,None,364000,None,None,86960000,86960000,None,None,None,21560000,358573000,148690000,None,2000000,USD,487000,-27000,472000,383000,-11274000,1625000,13189000,-14000,793000,2934000,837000,None,68000,-177000,-113000,None,39000,-36000,15000,39000,None,2934000,16.0,15.58
6,2019-07-31,USD,1881000,None,None,None,None,793000,None,None,1076000,None,579000,None,None,205000,1184000.0,283000,2987000,1803000,None,None,None,283000,None,None,793000,793000,None,USD,358573000,None,None,None,321935000,36638000,None,None,38000,45423000,2942000,None,95950000,9900000,None,None,59554000.0,-2001000,355000,None,138245000,36638000,134750000,1180000,100000000,None,797000,None,None,None,None,None,None,None,None,None,None,None,None,None,None,None,None,None,None,None,None,None,None,USD,None,0,472000,383000,-11274000,None,13189000,-14000,None,None,837000,None,None,None,None,None,None,-81000,0,None,None,None,17.21,16.0
7,2019-06-30,USD,1886000,1038000,0,1886000,848000,615000,0,0,848000,0,1038000,0,848000,159000,1307000.0,231000,3122000,1815000,0,0,0,233000,-24000,0,615000,615000,0,USD,355818000,0,256489000,1843000,319769000,36049000,0,146435000,38000,44807000,3748000,0,95915000,11389000,233086000,85828000,70828000.0,-2077000,346000,147231000,94583000,36049000,132780000,1219000,100000000,0,823000,0,0,38000,0,44807000,-28269000,0,113290000,0,368000,0,0,86683000,86683000,0,0,0,21550000,355818000,144169000,0,2000000,USD,518000,-270000,518000,50000,98906000,-922000,-99497000,63000,616000,175000,579000,0,84000,-320000,-11000,0,60000,89000,1000,60000,0,175000,17.5,17.21
8,2019-03-31,USD,1909000,897000,0,1909000,1012000,747000,0,0,1012000,0,897000,0,1012000,176000,1326000.0,265000,3158000,1832000,0,0,0,265000,-50000,0,747000,747000,0,USD,356358000,0,258093000,1346000,321062000,35296000,0,145932000,38000,44511000,4115000,0,462000,11264000,233653000,86922000,71922000.0,-2540000,355000,148494000,92841000,35296000,134605000,1279000,100000000,0,799000,0,0,38000,0,44511000,-28258000,0,114206000,0,462000,0,0,87409000,87409000,0,0,0,21545000,356358000,145869000,0,3805636,USD,-4849000,341000,-4850000,-2024000,1855000,4365000,2687000,24000,747000,576000,1061000,0,72000,-177000,-372000,0,-93000,-6000,1000,-93000,0,576000,17.25,17.5
9,2018-12-31,USD,1831000,954000,2113723.63,1831000,877000,685000,0,0,877000,0,954000,0,877000,251000,2286837.78,192000,2943000,1735000,0,0,0,192000,-22000,0,685000,685000,0,USD,348982000,0,250654000,1346000,315595000,33387000,0,143245000,38000,43941000,3047000,0,94041000,10615000,229098000,85067000,0.0,-3864000,363000,140661000,92400000,33387000,127514000,1186000,100000000,0,786000,0,0,38000,0,43941000,-28258000,0,114773000,0,785000,0,0,86497000,86497000,0,0,0,21530000,348982000,138129000,0,3805636,USD,-3033000,406000,-3033000,-384000,-90417000,-487000,90413000,406000,684000,-2289000,1231000,0,100000,-143000,-340000,0,0,-13000,1000,54000,0,-2289000,14.77,17.25
10,2018-09-30,USD,1891000,901000,1887773.64,1891000,990000,748000,0,0,990000,0,901000,0,990000,191000,1156732.84,None,None,None,0,0,0,242000,-28000,0,748000,748000,0,USD,349939000,0,None,350000,315234000,34705000,0,152832000,38000,43400000,2374000,0,91038000,12520000,313707000,160484000,0.0,-2340000,377000,142507000,90858000,34705000,128397000,1240000,0,0,391000,0,0,38000,0,43400000,-27918000,0,115839000,0,358000,0,0,1527000,1527000,0,0,0,21525000,349939000,140917000,0,2000000,USD,5858000,55000,5858000,558000,-10919000,-3285000,7809000,22000,748000,3476000,903000,0,133000,-143000,-32000,0,0,-18000,1000,-15000,0,3476000,16.19,14.77
11,2018-06-30,USD,1793000,957000,1373565.64,1793000,836000,593000,0,0,836000,0,957000,None,836000,167000,4040775.44,None,None,None,0,0,0,243000,-25000,0,593000,593000,None,USD,352288000,0,None,350000,318271000,34017000,0,145023000,38000,42795000,3403000,0,89870000,9602000,316806000,171403000,232182713.38,-2446000,392000,139988000,90856000,34017000,128811000,1225000,0,0,380000,0,0,38000,0,42795000,-27886000,None,120693000,None,359000,None,None,1465000,1465000,None,None,None,21516000,352288000,138413000,None,2000000,USD,-257000,7000,-262000,209000,-24497000,-4886000,20527000,93000,592000,-4422000,726000,None,190000,-262000,-654000,0,0,313000,5000,-63000,None,-4422000,16.55,16.19
12,2018-03-31,USD,1774000,907000,827000,1774000,867000,634000,0,0,867000,0,907000,None,867000,194000,108000.0,None,None,None,0,0,0,233000,-27000,0,634000,634000,None,USD,356441000,0,None,598000,322271000,34170000,0,140605000,38000,42465000,3049000,0,85386000,14233000,320713000,179791000,179791000.0,-2576000,404000,144718000,86381000,34170000,128725000,1162000,0,0,317000,0,0,38000,0,42465000,-27264000,None,124592000,None,346000,None,None,1558000,1558000,None,None,None,21507000,356441000,142958000,None,2000000,USD,-2701000,307000,-2701000,-136000,3386000,-28000,-3244000,1311000,635000,-1658000,1071000,None,172000,-170000,0,0,44000,-18000,5000,-25000,None,-1658000,16.34,16.55
13,2017-12-31,USD,1708000,957000,684000,1708000,751000,396000,0,0,751000,0,957000,None,751000,63000,-611000.0,None,None,None,0,0,0,355000,-28000,0,396000,396000,None,USD,355588000,0,None,3624000,321723000,33865000,0,143849000,38000,42000000,1469000,0,261175000,15755000,320500000,176405000,176405000.0,-2409000,424000,140075000,88483000,33865000,119559000,1137000,0,0,246000,0,0,38000,0,42000000,-27264000,None,126322000,None,284000,None,None,1223000,1223000,None,None,None,21500000,355588000,135314000,None,2000000,USD,158000,-85000,147000,-256000,6404000,81000,-6195000,-1139000,396000,889000,661000,None,195000,-128000,0,0,69000,139000,11000,16000,None,889000,15.49,16.34
14,2017-09-30,USD,1691000,892000,649000,1691000,799000,502000,0,0,799000,0,892000,None,799000,188000,644000.0,None,None,None,0,0,0,297000,0,0,502000,502000,None,USD,356117000,0,None,4878000,322572000,33545000,0,150044000,38000,41717000,2527000,0,263845000,14610000,320210000,170001000,170001000.0,-2439000,433000,138133000,86841000,33545000,117492000,1153000,0,0,165000,0,0,38000,0,41717000,-27264000,None,130281000,None,429000,None,None,2362000,2362000,None,None,None,21493000,356117000,132102000,None,2000000,USD,526000,126000,526000,0,14202000,2719000,-11354000,1157000,502000,5360000,2115000,1230000,279000,-129000,0,0,53000,-75000,0,53000,None,5360000,16.6,15.49
15,2017-06-30,USD,1614000,993000,605000,1614000,621000,418000,0,0,621000,0,993000,None,621000,861000,917000.0,None,None,None,0,0,0,203000,-111000,0,418000,418000,None,USD,351609000,0,None,10380000,318566000,33043000,0,145289000,38000,41344000,1369000,0,261048000,9334000,311335000,165799000,16109000.0,-2560000,454000,129369000,86133000,33043000,108449000,1206000,16109000,0,247000,0,0,38000,0,41344000,-27264000,None,135216000,None,437000,None,None,7231000,7231000,None,None,None,21485000,351609000,117783000,None,2000000,USD,-6397000,82000,-6397000,-463000,7244000,6073000,-51000,-1143000,418000,-539000,-215000,-2190000,561000,-201000,-919000,0,302000,911000,9000,4000,None,-539000,16.0996,16.6
16,2017-03-31,USD,1585000,896000,503000,1585000,689000,426000,0,0,689000,0,896000,None,689000,-61000,928000.0,None,None,None,0,0,0,263000,0,0,426000,426000,None,USD,344968000,0,None,10383000,311274000,33694000,0,145134000,38000,41127000,1476000,0,256365000,9757000,293887000,148555000,164664000.0,-1692000,478000,122627000,83612000,33694000,101277000,1210000,16109000,0,198000,0,0,38000,0,41127000,-27264000,None,137820000,None,431000,None,None,17387000,17387000,None,None,None,21485000,344968000,111034000,None,2000000,USD,-5553000,33000,-5561000,0,2482000,4070000,1893000,-3000,426000,425000,1916000,950000,406000,-120000,-185000,0,298000,-3000,6000,104000,None,425000,14.953,16.0996
17,2016-12-31,USD,1507000,916000,415000,1507000,591000,395000,0,0,591000,0,916000,None,591000,19000,-302000.0,None,None,None,0,0,0,196000,0,0,395000,395000,None,USD,340135000,0,None,10385000,306811000,33324000,0,143434000,38000,40821000,1194000,0,252722000,9164000,289674000,146074000,162183000.0,-1756000,496000,127617000,83750000,33324000,106754000,1314000,16109000,0,166000,0,0,38000,0,40821000,-27264000,None,127830000,None,442000,None,None,17137000,17137000,None,None,None,21485000,340135000,115918000,None,2000000,USD,-6075000,-110000,-6075000,0,4435000,4765000,229000,108000,395000,-1285000,25000,-920000,533000,-80000,181000,0,194000,-37000,2000,164000,None,-1285000,14.725,14.953
