,fiscalDateEnding,reportedCurrency_x,totalRevenue,totalOperatingExpense,costOfRevenue,grossProfit,ebit,netIncome_x,researchAndDevelopment,effectOfAccountingCharges,incomeBeforeTax,minorityInterest,sellingGeneralAdministrative,otherNonOperatingIncome,operatingIncome,otherOperatingExpense,interestExpense,taxProvision,interestIncome,netInterestIncome,extraordinaryItems,nonRecurring,otherItems,incomeTaxExpense,totalOtherIncomeExpense,discontinuedOperations,netIncomeFromContinuingOperations,netIncomeApplicableToCommonShares,preferredStockAndOtherAdjustments,reportedCurrency_y,totalAssets,intangibleAssets,earningAssets,otherCurrentAssets,totalLiabilities,totalShareholderEquity,deferredLongTermLiabilities,otherCurrentLiabilities,commonStock,retainedEarnings,otherLiabilities,goodwill,otherAssets,cash,totalCurrentLiabilities,shortTermDebt,currentLongTermDebt,otherShareholderEquity,propertyPlantEquipment,totalCurrentAssets,longTermInvestments,netTangibleAssets,shortTermInvestments,netReceivables,longTermDebt,inventory,accountsPayable,totalPermanentEquity,additionalPaidInCapital,commonStockTotalEquity,preferredStockTotalEquity,retainedEarningsTotalEquity,treasuryStock,accumulatedAmortization,otherNonCurrrentAssets,deferredLongTermAssetCharges,totalNonCurrentAssets,capitalLeaseObligations,totalLongTermDebt,otherNonCurrentLiabilities,totalNonCurrentLiabilities,negativeGoodwill,warrants,preferredStockRedeemable,capitalSurplus,liabilitiesAndShareholderEquity,cashAndShortTermInvestments,accumulatedDepreciation,commonStockSharesOutstanding,reportedCurrency,investments,changeInLiabilities,cashflowFromInvestment,otherCashflowFromInvestment,netBorrowings,cashflowFromFinancing,otherCashflowFromFinancing,changeInOperatingActivities,netIncome_y,changeInCash,operatingCashflow,otherOperatingCashflow,depreciation,dividendPayout,stockSaleAndPurchase,changeInInventory,changeInAccountReceivables,changeInNetIncome,capitalExpenditures,changeInReceivables,changeInExchangeRate,changeInCashAndCashEquivalents,clossingVal,nextClossingVal
0,2020-06-30,USD,85698000,282749000,240267000,-240267000,-520713000,-637564000,None,None,-653931000,-97305000,158648000,2303000,-523016000,93568000,133218000,80938000,3983000,-129235000,None,30533000,None,80938000,-8247000,None,-734869000,-637564000,None,USD,14885675000,141299000,None,57544000,14611477000,619519000,None,954074000,1234000,-505090000,110051000,None,652607000,3797740000,1869851000,298050000,298050000,-908000,9415313000,4236381000,None,478220000,None,296318000,12477183000,84779000,617727000,None,None,1234000,None,-505090000,-1419435000,None,685735000,None,406947000,154392000,12477183000,264443000,12741626000,None,None,None,2543718000,14885675000,3797740000,None,107869865,USD,-50795000,-128149000,-50795000,1571000,1401488000,1397893000,-37000,None,-734869000,915611000,-431487000,44565000,186477000,-648000,-2910000,10444000,None,133800000,52366000,56245000,1075000,916686000,74.49,
1,2020-03-31,USD,953716000,-490249000,737660000,-737660000,-245626000,-402037000,None,None,-374453000,-48216000,261557000,1785000,-247411000,-774970000,128827000,75800000,7953000,-120874000,None,23164000,None,75800000,-33397000,None,-450253000,-402037000,None,USD,14273347000,143857000,None,67440000,13280867000,1242090000,None,913395000,1234000,132266000,106862000,None,728155000,2880971000,1884837000,235997000,235997000,-947000,9539407000,3415364000,None,1098233000,None,380771000,11133048000,86182000,735445000,None,None,1234000,None,132266000,-1416525000,None,687317000,None,487402000,156120000,11133048000,262982000,11396030000,None,None,None,2526062000,14273347000,2880971000,None,107884163,USD,-137154000,-70758000,-137154000,2162000,951915000,837997000,-37000,None,-450253000,524343000,-176500000,88630000,185690000,-107426000,-6455000,5135000,None,121340000,139316000,-56284000,3266000,527609000,60.19,74.49
2,2019-12-31,USD,1653459000,-1233701000,1007123000,-1007123000,252998000,-72942000,None,None,139949000,55472000,233048000,26420000,226578000,-1478405000,113049000,157419000,4470000,-108579000,None,11656000,None,157419000,19584000,None,-17470000,-72942000,None,USD,13871281000,146414000,None,522404000,12329809000,1743045000,None,11063434000,1228000,641818000,86201000,None,791779000,2358292000,1982884000,323876000,323876000,-1679000,9623832000,2856337000,None,1596631000,None,569558000,10079983000,88519000,942499000,None,None,1228000,None,641818000,-1410998000,None,229517000,None,562262000,159182000,10097742000,107760000,10346925000,None,None,None,2512676000,13871281000,2358292000,None,107363943,USD,-184855000,19291000,-184855000,103000,847679000,730575000,-37000,None,-17470000,666905000,121185000,-122020000,152883000,-106382000,-10685000,-20527000,-63666000,172694000,184958000,-63666000,None,668515000,138.87,60.19
3,2019-09-30,USD,1647762000,-1214454000,1036619000,-1036619000,161262000,-3496000,None,None,46610000,30379000,254658000,-16573000,177835000,-1474764000,114652000,19727000,6427000,-108225000,None,5652000,None,19727000,-31216000,None,26883000,-3496000,None,USD,13277058000,148972000,None,68045000,11611179000,1918751000,None,956744000,1228000,822070000,91191000,None,951409000,1676110000,1930384000,116118000,116118000,-2700000,9621268000,2111252000,None,1769779000,None,286611000,9421845000,80486000,857522000,None,None,1228000,None,822070000,-1409717000,None,675952000,None,719614000,149970000,9421845000,258950000,9680795000,None,None,None,2507870000,13277058000,1676110000,None,107362682,USD,-247182000,-29972000,-247182000,-4849000,372937000,154332000,-36000,-20691000,26883000,177591000,270441000,16731000,180307000,-189649000,-28920000,25638000,2919000,47935000,242333000,2919000,-1666000,175925000,108.72,138.87
4,2019-06-30,USD,1658332000,-1235445000,1016729000,-1016729000,233392000,94551000,None,None,140243000,47683000,209154000,14676000,218716000,-1518063000,93149000,-1991000,6265000,-86884000,None,73464000,None,-1991000,1481000,None,142234000,94551000,None,USD,13165274000,133066000,None,86975000,11314335000,2050821000,None,906455000,1228000,932907000,75683000,None,971907000,1501886000,1975348000,56605000,56605000,-1986000,9640704000,1967323000,None,1917755000,None,296696000,9095293000,81766000,1012288000,None,None,1228000,None,932907000,-1379644000,None,685241000,None,738940000,185780000,9095293000,243694000,9338987000,None,None,None,2498316000,13165274000,1501886000,None,107610356,USD,-325686000,12270000,-325686000,-963000,-28592000,-242786000,-2719000,-20691000,142234000,-322886000,245586000,-4626000,147537000,-189717000,-24477000,-29079000,-37053000,14303000,325723000,-37053000,2460000,-320426000,123.99,108.72
5,2019-03-31,USD,1651546000,-1261758000,1006582000,-1006582000,254596000,104872000,None,None,161416000,54859000,220096000,-580000,255176000,-1514989000,93180000,1685000,-87402000,-85893000,None,33135000,None,1685000,-10641000,None,159731000,104872000,None,USD,13161227000,133837000,None,91759000,11245984000,2078220000,None,916090000,1226000,945972000,77477000,None,979559000,1822891000,1877930000,36470000,36470000,-2591000,9361912000,2241827000,None,1944383000,None,259804000,9133562000,67373000,925370000,None,None,1226000,None,945972000,-1349413000,None,687123000,None,736528000,175206000,9133562000,234492000,9368054000,None,None,None,2483026000,13161227000,1822891000,None,107660449,USD,-1000000,-63499000,-310875000,404000,-260999000,-343109000,-10496000,-20691000,159731000,-390126000,263858000,9133000,144151000,-80773000,-1337000,-13939000,11088000,17193000,310279000,11088000,-2404000,-392530000,119.32,123.99
6,2018-12-31,USD,1687586000,406543000,1034760000,652826000,243514000,464866000,0,0,142797000,50644000,245456000,-2769000,246283000,138911000,100717000,None,None,None,390900000,22176000,0,-372713000,-163742000,0,515510000,464866000,None,USD,13216269000,222506000,None,83104000,11401480000,2034123000,None,955450000,1221000,921785000,91129000,None,966467000,2215001000,1882063000,11960000,11960000,-1950000,9385920000,2641376000,None,1811617000,None,276644000,9411140000,66627000,914653000,None,None,1221000,None,921785000,-1344012000,None,230015000,None,736452000,None,9411140000,108277000,9519417000,None,None,None,2457079000,13216269000,2215001000,None,107232026,USD,325363000,183895000,-293917000,27800000,484069000,99463000,-25001000,-20691000,515510000,269146000,463600000,63427000,113670000,82026000,-466632000,-6357000,-48119000,-358426000,321717000,-48119000,-2823000,266323000,98.91,119.32
7,2018-09-30,USD,1709072000,365614000,1052475000,656597000,308895000,156115000,0,0,215888000,63657000,211157000,17912000,290983000,137458000,93007000,None,None,None,0,16999000,0,-3884000,-75095000,0,219772000,156115000,None,USD,12377491000,223382000,None,91319000,10837208000,1804993000,0,836700000,1221000,537771000,94468000,0,592961000,1949253000,2047405000,236835000,236835000,-2083000,9221028000,2336320000,3800000,1581611000,0,232672000,8695335000,63076000,973870000,1540283000,2455357000,1221000,0,537771000,-1187273000,None,235447000,None,361314000,None,8695335000,94468000,8789803000,None,None,None,2455357000,12377491000,1949253000,None,108731082,USD,131793000,65126000,-180475000,63000,605053000,234528000,-305468000,None,219772000,498640000,444587000,4895000,145090000,-377934000,7409000,3481000,-5398000,11621000,312331000,-5398000,5387000,504027000,127.06,98.91
8,2018-06-30,USD,1605424000,340098000,985754000,619670000,285476000,155756000,0,0,195578000,49524000,192422000,5904000,279572000,137870000,89898000,None,None,None,0,9806000,0,-9702000,-83994000,0,205280000,155756000,None,USD,11816556000,224008000,None,86746000,9996961000,1712985000,0,839721000,1220000,462950000,116540000,0,578085000,1445163000,1746819000,179075000,179075000,-1938000,9053922000,1888458000,72083000,1488977000,59670000,230114000,8133602000,66765000,728023000,1819595000,2435720000,1220000,0,462950000,-1184967000,None,220519000,None,357566000,None,8133602000,116540000,8250142000,None,None,None,2435720000,11816556000,1504833000,None,108642371,USD,-2058000,-256732000,-340305000,-10859000,-1049541000,-351001000,-1652000,None,205280000,-584358000,106948000,8956000,146118000,-222417000,920957000,5156000,-471000,-1359000,327388000,-471000,-348000,-584706000,167.34,127.06
9,2018-03-31,USD,1715578000,783586000,1013286000,702292000,-150296000,-204307000,0,0,-248523000,66829000,172636000,-69002000,-81294000,599914000,98227000,None,None,None,0,11036000,0,-111045000,-630786000,0,-137478000,-204307000,None,USD,12215174000,212384000,None,91624000,11443786000,711562000,0,1036946000,1166000,388523000,110198000,0,566154000,2031662000,2098909000,121714000,121714000,-1874000,8887843000,2448299000,100494000,499178000,29208000,228226000,9234679000,67579000,940249000,771388000,1508714000,1166000,0,388523000,-1184967000,None,218184000,None,347970000,None,9234679000,110198000,9344877000,None,None,None,1508714000,12215174000,2060870000,None,103202045,USD,195628000,-35157000,-408113000,-89205000,-335120000,-307247000,75000000,None,-137478000,-769006000,-53646000,85944000,145718000,-51456000,4329000,-7492000,-5169000,-100012000,514536000,-5169000,-3949000,-772955000,182.36,167.34
10,2017-12-31,USD,1689096000,315939000,1071738000,617358000,306728000,491682000,0,0,209939000,52282000,173930000,5309000,301419000,136880000,96789000,None,None,None,0,5129000,0,-334025000,-373058000,0,543964000,491682000,None,USD,12681739000,123705000,None,156773000,11603389000,947846000,0,1049629000,1164000,635067000,90647000,0,759199000,2804474000,1930290000,62690000,62690000,-1845000,8498756000,3423784000,160682000,824141000,166773000,224128000,9565936000,71636000,817971000,1078350000,1497928000,1164000,0,635067000,-1184468000,None,234279000,None,240533000,None,9565936000,107163000,9673099000,None,None,None,1497928000,12681739000,2971247000,None,103005866,USD,-9190000,220298000,-294474000,-92000,-563647000,-435669000,180000000,None,543964000,-131071000,599072000,6052000,118338000,-44468000,-7554000,15215000,829000,-306822000,285192000,2027000,-440000,-131511000,168.59,182.36
11,2017-09-30,USD,1612331000,353345000,1001659000,610672000,201386000,79767000,0,0,105512000,26202000,206799000,-55941000,257327000,137982000,95874000,None,None,None,0,8564000,0,-457000,-14327000,0,105969000,79767000,None,USD,12427954000,124301000,None,156672000,12029744000,329076000,87281000,883204000,1161000,194814000,108590000,0,484559000,2935985000,2062058000,405339000,405339000,-673000,8386843000,3556552000,163368000,204775000,156866000,224132000,9771815000,82897000,773515000,398210000,1308960000,1161000,0,194814000,-1175186000,None,196890000,None,8871402000,None,9771815000,108590000,9967686000,None,None,None,1308960000,12427954000,3092851000,None,102782543,USD,-8008000,154167000,-265873000,-158000,313077000,240993000,88215000,None,105970000,449073000,473953000,68992000,144179000,-94190000,22106000,-18673000,0,49185000,257707000,-29867000,489000,449562000,148.92,168.59
12,2017-06-30,USD,1529261000,313695000,968677000,560584000,207142000,74916000,0,0,109403000,31880000,171334000,-39747000,246889000,137686000,97739000,None,None,None,0,4675000,0,2607000,-22972000,0,106796000,74916000,None,USD,11856899000,124897000,None,136877000,11499193000,273423000,71031000,775379000,1159000,166256000,81957000,0,494933000,2486423000,1539909000,1740000,1740000,-1068000,8321777000,3040189000,176430000,148526000,136202000,196179000,9806296000,84508000,762790000,357706000,1282262000,1159000,0,166256000,-1175186000,None,193606000,None,8816710000,None,9806296000,81957000,9959284000,None,None,None,1282262000,11856899000,2622625000,None,102563043,USD,-15207000,84849000,-274831000,-12681000,-38603000,-168000000,-25176000,None,106795000,-53863000,388968000,29986000,143831000,-130768000,26547000,-1596000,28669000,33477000,246943000,-8374000,-3145000,-57008000,134.12,148.92
13,2017-03-31,USD,1475680000,304431000,921319000,554361000,233677000,100816000,0,0,135415000,31709000,162998000,-16253000,249930000,139820000,98262000,None,None,None,0,1613000,0,2890000,-114515000,0,132525000,100816000,None,USD,11829528000,112993000,None,132102000,11476869000,219964000,68620000,732786000,1156000,142441000,87203000,0,474361000,2543431000,1508170000,None,None,709000,8273757000,3081410000,164371000,106971000,133409000,186002000,9812876000,86466000,775384000,352659000,1250844000,1156000,0,142441000,-1175186000,None,196997000,None,8748118000,None,9812876000,87203000,9968699000,None,None,None,1250844000,11829528000,2676840000,None,102234547,USD,3443000,67645000,-122455000,19734000,-141213000,-201036000,189946000,None,132525000,91093000,414584000,23687000,146020000,-51334000,-8489000,682000,37043000,6982000,145632000,37043000,-784000,90309000,114.61,134.12
14,2016-12-31,USD,1300433000,342592000,818947000,481486000,229216000,113800000,0,0,133549000,12766000,190441000,90322000,138894000,140543000,95667000,None,None,None,0,11608000,0,6983000,-139123000,0,126566000,113800000,None,USD,11953557000,113588000,None,53299000,11695676000,157949000,66561000,599566000,1150000,95097000,87462000,0,703559000,2453122000,1416301000,10125352000,10125352000,1484000,8259631000,2990367000,128023000,44361000,173437000,218968000,10125352000,91541000,816735000,257881000,1226915000,1150000,0,95097000,-1166697000,None,461948000,None,8963190000,None,10125352000,87462000,10279375000,None,None,None,1226915000,11953557000,2626559000,None,101799471,USD,1138000,99833000,-273022000,-2926000,774494000,926306000,217621000,None,126566000,942987000,289703000,-36290000,122427000,-61537000,-4272000,459000,-39272000,25443000,271234000,-48735000,-673000,942314000,86.51,114.61
15,2016-09-30,USD,1109822000,337597000,695294000,414528000,60458000,-17437000,0,0,-19211000,-1894000,162720000,-16473000,76931000,106467000,79669000,None,None,None,0,68410000,0,120000,-35152000,0,-19331000,-17437000,None,USD,10925944000,114184000,None,54074000,10990376000,-133998000,36093000,529192000,1149000,34170000,83157000,0,598700000,1510808000,1430270000,None,None,2022000,8270047000,2057197000,77549000,-248182000,225996000,177591000,9440856000,88728000,901078000,-64432000,989654000,1149000,0,32148000,-1158971000,None,406967000,None,8868747000,None,9440856000,83157000,9560106000,None,None,None,989654000,10925944000,1736804000,None,101000000,USD,-1020000,213429000,-409457000,-2626000,-240698000,-293603000,66000,None,-19331000,-391515000,310897000,24932000,112700000,-50891000,-1000,-17762000,9463000,4577000,405811000,-7648000,648000,-391515000,97.42,86.51
16,2016-06-30,USD,1058364000,259012000,651813000,406551000,155806000,70391000,0,0,86549000,19051000,130836000,8267000,147539000,79749000,69257000,None,None,None,0,48427000,0,-2893000,-12402000,0,89442000,70391000,None,USD,10610351000,114780000,None,53410000,10608656000,-69585000,36316000,420582000,1149000,101476000,123387000,0,420564000,1902323000,991937000,None,None,2097000,7775244000,2414543000,92821000,-184365000,210470000,173550000,9457016000,74790000,571355000,1695000,986761000,1149000,0,99379000,-1158971000,None,212963000,None,8195808000,None,9457016000,123387000,9616719000,None,None,None,986761000,10610351000,2112793000,None,102000000,USD,-51798000,50645000,-333050000,-5516000,59046000,-125659000,-15933000,None,89442000,-204930000,254573000,5538000,85524000,-162218000,-6554000,-5530000,17111000,10540000,275736000,18414000,-794000,-204930000,90.64,97.42
17,2016-03-31,USD,997678000,231412000,607968000,389710000,154482000,75221000,0,0,109710000,30571000,118966000,-3816000,158298000,77971000,44772000,None,None,None,0,34475000,0,3918000,-48588000,0,105792000,75221000,None,USD,10646560000,110376000,None,58620000,10565625000,-84326000,39745000,445339000,1149000,79697000,146709000,0,407633000,2107253000,970616000,None,None,1927000,7633434000,2605493000,73374000,-194702000,178540000,188476000,9408555000,72604000,525277000,0,0,1149000,0,79697000,-1158971000,None,223883000,None,8041067000,None,9408555000,146709000,9595009000,None,None,None,991872000,10646560000,2285793000,None,101770439,USD,486000,-83705000,-272721000,-45000,242699000,184822000,10000,None,105792000,27474000,115373000,7773000,84079000,-50571000,-7316000,-13809000,0,16546000,273162000,-1303000,-310000,27164000,93.43,90.64
18,2015-12-31,USD,946902000,219059000,575983000,370919000,195980000,109665000,0,0,122372000,17573000,118819000,44120000,151860000,77201000,73608000,None,None,None,0,23039000,0,-4866000,-303872000,0,127238000,109665000,None,USD,10522259000,110972000,None,48012000,10500414000,-111979000,36357000,452409000,1146000,56424000,141121000,0,539003000,2080089000,1110171000,9149773000,9149773000,1092000,7477478000,2505778000,137683000,-222951000,115297000,187887000,9212765000,74493000,657762000,0,0,1146000,0,55332000,-1152680000,None,186681000,None,104367000,None,9212765000,141121000,9390243000,None,None,None,983131000,10522259000,2195386000,None,102000000,USD,-3163000,46565000,-465633000,127094000,486291000,418188000,-15366000,None,127238000,179860000,227305000,-38321000,84409000,-51603000,-1134000,-23613000,47011000,5322000,589564000,26895000,20000,179880000,69.19,93.43
19,2015-09-30,USD,996285000,220627000,622884000,373401000,161158000,73766000,0,0,87079000,17219000,117626000,8384000,152774000,80649000,74079000,None,None,None,0,22352000,0,-3906000,12925000,0,90985000,73766000,None,USD,9981185000,111580000,None,51725000,10041967000,-176834000,36569000,454781000,1146000,-3560000,143496000,0,542538000,1900209000,1113453000,None,None,1743000,7090449000,2348198000,126360000,-288414000,125031000,204650000,8748449000,66583000,658672000,0,0,1146000,0,-3560000,-1152393000,None,197532000,None,107066000,None,8748449000,143496000,8928514000,None,None,None,976230000,9981185000,2025240000,None,101543012,USD,-3377000,-73635000,-461426000,-36302000,764185000,713934000,76000,None,90985000,411686000,159178000,-13720000,81978000,-50579000,252000,-3951000,20116000,17091000,421747000,60430000,303000,411989000,53.12,69.19
