,fiscalDateEnding,reportedCurrency_x,totalRevenue,totalOperatingExpense,costOfRevenue,grossProfit,ebit,netIncome_x,researchAndDevelopment,effectOfAccountingCharges,incomeBeforeTax,minorityInterest,sellingGeneralAdministrative,otherNonOperatingIncome,operatingIncome,otherOperatingExpense,interestExpense,taxProvision,interestIncome,netInterestIncome,extraordinaryItems,nonRecurring,otherItems,incomeTaxExpense,totalOtherIncomeExpense,discontinuedOperations,netIncomeFromContinuingOperations,netIncomeApplicableToCommonShares,preferredStockAndOtherAdjustments,reportedCurrency_y,totalAssets,intangibleAssets,earningAssets,otherCurrentAssets,totalLiabilities,totalShareholderEquity,deferredLongTermLiabilities,otherCurrentLiabilities,commonStock,retainedEarnings,otherLiabilities,goodwill,otherAssets,cash,totalCurrentLiabilities,shortTermDebt,currentLongTermDebt,otherShareholderEquity,propertyPlantEquipment,totalCurrentAssets,longTermInvestments,netTangibleAssets,shortTermInvestments,netReceivables,longTermDebt,inventory,accountsPayable,totalPermanentEquity,additionalPaidInCapital,commonStockTotalEquity,preferredStockTotalEquity,retainedEarningsTotalEquity,treasuryStock,accumulatedAmortization,otherNonCurrrentAssets,deferredLongTermAssetCharges,totalNonCurrentAssets,capitalLeaseObligations,totalLongTermDebt,otherNonCurrentLiabilities,totalNonCurrentLiabilities,negativeGoodwill,warrants,preferredStockRedeemable,capitalSurplus,liabilitiesAndShareholderEquity,cashAndShortTermInvestments,accumulatedDepreciation,commonStockSharesOutstanding,reportedCurrency,investments,changeInLiabilities,cashflowFromInvestment,otherCashflowFromInvestment,netBorrowings,cashflowFromFinancing,otherCashflowFromFinancing,changeInOperatingActivities,netIncome_y,changeInCash,operatingCashflow,otherOperatingCashflow,depreciation,dividendPayout,stockSaleAndPurchase,changeInInventory,changeInAccountReceivables,changeInNetIncome,capitalExpenditures,changeInReceivables,changeInExchangeRate,changeInCashAndCashEquivalents,clossingVal,nextClossingVal
0,2020-06-30,USD,15498000,8811000,13201000,2297000,-7176000,-6844000,2565000,None,-7176000,None,6246000,-662000,-6514000,-15498000,None,-332000,306000,306000,None,None,None,-332000,-968000,None,-6844000,-6844000,None,USD,358762000,None,None,3032000,15192000,343570000,None,1500000,246395000,97312000,1056000,None,75491000,229703000,14136000,None,None,-137000,24882000,258389000,None,343570000,None,25654000,None,None,12636000,None,None,246395000,None,97312000,None,None,75048000,None,443000,None,None,1056000,1056000,None,None,None,None,358762000,229703000,None,28897394,USD,-426000,5431000,-426000,None,None,278000,-62000,3270000,-6844000,-11716000,-11568000,-2878000,546000,None,340000,None,-10998000,3175000,426000,-10998000,None,-11806000,13.71,
1,2020-03-31,USD,12681000,5178000,9674000,3007000,-366000,-14000,1155000,None,-366000,None,4023000,1805000,-2171000,-12681000,None,-352000,1898000,1898000,None,None,None,-352000,-93000,None,-14000,-14000,None,USD,358373000,None,None,2882000,11291000,347082000,None,1500000,242942000,104156000,1056000,None,75443000,241540000,10235000,None,None,-16000,25034000,257896000,None,347082000,75000000,13917000,None,None,9791000,None,None,242942000,None,104156000,None,None,75000000,None,25034000,None,None,None,1056000,None,None,None,None,358373000,316540000,None,28852927,USD,-389000,-46985000,-389000,None,None,-412082000,-420000000,-4029000,-14000,-473144000,-60673000,-8007000,558000,None,7918000,None,-9681000,3456000,389000,-9681000,90000,-473054000,10.62,13.71
2,2019-12-31,USD,0,13311000,None,None,736319000,686495000,10337000,None,736319000,None,2974000,749630000,-13311000,None,None,49824000,185000,185000,None,None,None,49824000,749445000,None,686495000,686495000,None,USD,816877000,None,None,1669000,61246000,755631000,None,4500000,324808000,430929000,1056000,None,75443000,714594000,60190000,None,None,-106000,25171000,716263000,None,755631000,None,None,None,None,56746000,None,None,324808000,None,430929000,None,None,75000000,None,443000,None,None,None,1056000,None,None,None,None,816877000,714594000,None,41519633,USD,674994000,54727000,674994000,675000000,None,3172000,-62000,51488000,686495000,674420000,-3746000,-746595000,566000,None,3172000,None,None,1061000,6000,None,-164000,674256000,18.665,10.62
3,2019-09-30,USD,0,6111000,None,None,-6150000,-6150000,4533000,None,-6150000,None,1578000,-39000,-6111000,None,None,None,250000,250000,None,None,None,None,-289000,None,-6150000,-6150000,None,USD,66643000,None,None,573000,2021000,64622000,None,None,320130000,-255566000,None,None,None,40338000,2021000,None,None,58000,25732000,40911000,None,64622000,None,None,None,None,2021000,None,None,320130000,None,-255566000,None,None,25732000,None,25732000,None,None,None,0,None,None,None,None,66643000,40338000,None,41066467,USD,-161000,-332000,-161000,None,None,288000,-62000,153000,-6150000,-4857000,-4984000,105000,596000,None,288000,None,None,797000,161000,None,274000,-4583000,10.46,18.665
4,2019-06-30,USD,0,6006000,None,None,-5852000,-5852000,4693000,None,-5852000,None,1313000,154000,-6006000,None,None,None,51000,51000,None,None,None,None,103000,None,-5852000,-5852000,None,USD,71875000,None,None,678000,2462000,69413000,None,None,319045000,-249416000,None,None,None,44921000,2462000,None,None,-216000,26276000,45599000,None,69413000,None,None,None,None,2462000,None,None,319045000,None,-249416000,None,None,26276000,None,26276000,None,None,None,0,None,None,None,None,71875000,44921000,None,41003660,USD,-31000,-382000,-31000,None,None,37895000,102000,217000,-5852000,33001000,-4863000,288000,597000,None,37793000,None,None,486000,31000,None,-99000,32902000,7.58,10.46
5,2019-03-31,USD,0,5805000,None,None,-5864000,-5864000,4527000,None,-5864000,None,1278000,-59000,-5805000,None,None,None,78000,78000,None,None,None,None,-137000,None,-5864000,-5864000,None,USD,39824000,None,None,963000,2841000,36983000,None,None,280664000,-243564000,None,None,None,12019000,2841000,None,None,-117000,26842000,12982000,None,36983000,None,None,None,None,2841000,None,None,280664000,None,-243564000,None,None,26842000,None,26842000,None,None,None,0,None,None,None,None,39824000,12019000,None,36090125,USD,-6000,-212000,-6000,None,None,741000,200000,-84000,-5864000,-3942000,-4677000,227000,602000,None,541000,None,None,570000,6000,None,138000,-3804000,11.02,7.58
6,2018-12-31,USD,0,6108000,0,0,-6111000,-6111000,4843000,0,-6111000,0,1265000,-3000,-6108000,0,0,None,None,None,0,0,0,0,-3000,0,-6111000,-6111000,None,USD,44345000,None,None,1193000,2947000,41398000,None,3000,279353000,-237700000,3000,None,None,15823000,2944000,None,None,-255000,27329000,17016000,None,41398000,None,None,None,None,2944000,None,None,279353000,None,-237700000,None,None,None,None,27329000,None,None,None,None,None,None,None,None,44345000,15823000,None,35899772,USD,None,644000,-8000,None,None,741000,None,-871000,-6111000,-5124000,-5116000,-740000,617000,None,201000,None,None,474000,8000,None,98000,-5026000,5.08,11.02
7,2018-09-30,USD,0,5115000,0,0,-5051000,-5051000,3940000,0,-5051000,0,1175000,64000,-5115000,0,0,None,None,None,0,0,0,0,64000,0,-5051000,-5051000,None,USD,49244000,0,None,457000,2307000,46937000,0,7000,278879000,-231589000,7000,0,0,20849000,2300000,None,None,-353000,27938000,21306000,None,46937000,0,None,0,0,2300000,0,0,278879000,0,-231589000,0,None,None,None,27938000,None,None,None,None,None,None,None,None,49244000,20849000,None,35819772,USD,None,-458000,-32000,0,None,741000,None,577000,-5051000,-4027000,-3995000,457000,618000,0,0,0,0,439000,32000,None,27000,-4000000,3.18,5.08
8,2018-06-30,USD,0,5621000,0,0,-5907000,-5907000,3949000,0,-5907000,0,1672000,-286000,-5621000,0,0,None,None,None,0,0,0,0,-286000,0,-5907000,-5907000,None,USD,54290000,0,None,917000,2768000,51522000,12000,1301000,278441000,-226538000,12000,0,0,24849000,2756000,None,None,-381000,28524000,25766000,None,51522000,0,None,0,0,2756000,0,0,278441000,0,-226538000,0,None,None,None,28524000,None,None,None,12000,None,None,None,None,54290000,24849000,None,35819772,USD,None,349000,-48000,0,None,741000,None,439000,-5907000,-3948000,-3900000,411000,610000,0,0,0,0,637000,48000,None,381000,-3567000,4.48,3.18
9,2018-03-31,USD,0,4150000,0,0,-4069000,-4069000,2993000,0,-4069000,0,1157000,81000,-4150000,0,0,None,None,None,0,0,0,0,81000,0,-4069000,-4069000,None,USD,58860000,0,None,1333000,2450000,56410000,0,16000,277803000,-220631000,16000,0,0,28416000,2434000,None,None,-762000,29111000,29749000,None,56410000,0,None,0,0,2434000,0,0,277803000,0,-220631000,0,None,None,None,29111000,None,None,None,None,None,None,None,None,58860000,28416000,None,35519772,USD,None,-384000,-34000,0,None,201000,None,441000,-4069000,-3359000,-3526000,229000,588000,0,201000,0,0,110000,34000,None,7000,-3352000,5.35,4.48
10,2017-12-31,USD,0,7507000,0,0,-7249000,-7249000,5907000,0,-7249000,0,1600000,258000,-7507000,0,0,None,None,None,0,0,0,0,119000,0,-7249000,-7249000,None,USD,62972000,0,None,1564000,2810000,60162000,0,18000,277492000,-216562000,18000,0,0,31768000,2792000,None,None,-768000,29640000,33332000,None,60162000,0,None,0,0,2792000,0,0,277492000,0,-216562000,0,None,None,None,29640000,None,None,None,None,None,None,None,None,62972000,31768000,None,35439272,USD,None,-709000,-254000,0,None,4000,None,-1434000,-7249000,-7057000,-6807000,146000,595000,0,4000,0,0,410000,254000,None,-152000,-7209000,3.94,5.35
11,2017-11-02,USD,0,7507000,0,0,-7249000,-7249000,5907000,0,-7249000,0,1600000,258000,-7507000,0,0,None,None,None,0,0,0,0,1191000,0,-7249000,-7249000,None,USD,62972000,0,None,1564000,2810000,60162000,0,18000,277492000,-209313000,None,0,0,31768000,2792000,None,None,-768000,30382000,33332000,None,60162000,0,None,0,0,2792000,0,0,277492000,0,-216562000,0,None,None,None,29640000,None,None,None,None,None,None,None,None,62972000,31768000,None,None,USD,None,-709000,-254000,0,None,4000,None,None,-7249000,-7057000,-6807000,146000,595000,0,4000,0,0,410000,254000,None,-152000,-7209000,4.23,3.94
12,2017-09-30,USD,0,6593000,0,0,-6205000,-6205000,4930000,0,-6205000,0,1663000,388000,-6593000,0,0,None,None,None,0,0,0,0,-664000,0,-6205000,-6205000,None,USD,70671000,None,None,1312000,3522000,67149000,20000,20000,277078000,-209313000,20000,None,None,38977000,3502000,None,None,-616000,30382000,40289000,None,67149000,None,None,None,None,3502000,None,None,277078000,None,-209313000,None,None,None,None,30382000,None,None,None,None,None,None,None,None,70671000,38977000,None,35437772,USD,None,-1040000,-261000,None,None,45000,None,38000,-6205000,-6682000,-6466000,38000,297000,None,45000,None,None,444000,261000,None,-290000,-6972000,4.37,4.23
13,2017-06-30,USD,0,9688000,0,0,-9133000,-9133000,7399000,0,-9133000,0,2289000,555000,-9688000,0,0,None,None,None,0,0,0,0,263000,0,-9133000,-9133000,None,USD,77841000,0,None,1352000,4685000,73156000,22000,1278000,276589000,-203107000,22000,0,0,45949000,4663000,None,None,-326000,30540000,47301000,None,73156000,0,None,0,0,4663000,0,0,276589000,0,-203107000,0,None,None,None,30540000,None,None,None,22000,None,None,None,None,77841000,45949000,None,35419772,USD,None,-681000,-283000,0,None,561000,None,-471000,-9133000,-8190000,-8468000,878000,296000,0,561000,0,0,172000,283000,None,-493000,-8683000,4.7,4.37
14,2017-03-31,USD,0,10271000,0,0,-10563000,-10563000,8188000,None,-10563000,None,2083000,-292000,-10271000,None,0,None,None,None,None,None,None,0,-292000,None,-10563000,-10563000,None,USD,87616000,0,None,2453000,5346000,82270000,0,23000,276079000,-193975000,23000,0,0,54632000,5323000,None,None,166000,30531000,57085000,None,82270000,0,None,0,0,5323000,0,0,276079000,0,-193975000,0,None,None,None,30531000,None,None,None,None,None,None,None,None,87616000,54632000,None,35215222,USD,None,-2740000,-607000,0,None,32713000,None,375000,-10563000,20198000,-11908000,375000,296000,0,32713000,0,0,724000,607000,None,110000,20308000,16.49,4.7
15,2016-12-31,USD,0,16441000,0,0,-68546000,-14359000,13684000,0,-68546000,0,2757000,43000,-68589000,0,0,None,None,None,0,0,0,0,27000,0,-68546000,-14359000,None,USD,67050000,0,None,22584000,7986000,59064000,0,23000,242419000,-183412000,23000,0,0,34324000,7963000,None,None,57000,10142000,36930000,None,59064000,0,None,0,0,7963000,0,0,242419000,0,-183412000,0,None,None,None,10142000,None,None,None,None,None,None,None,None,67050000,34324000,None,32627691,USD,None,2449000,-1968000,0,None,2078000,None,1456000,-14359000,-12691000,-12801000,59000,173000,0,2078000,0,0,1533000,1968000,None,222000,-12469000,10.12,16.49
16,2016-09-30,USD,0,12459000,0,0,12434000,-12484000,9774000,0,12434000,0,2685000,-25000,12459000,0,0,None,None,None,0,0,0,0,-9000,0,12434000,-12484000,None,USD,78292000,0,None,2048000,6663000,71629000,0,22000,238808000,-167013000,22000,0,0,46793000,6641000,None,None,-166000,19369000,48841000,None,71629000,0,None,0,0,6641000,0,0,238808000,0,-167013000,0,None,None,None,19369000,None,None,None,None,None,None,None,None,78292000,46793000,None,32443792,USD,None,-3316000,-3172000,0,None,159000,None,-517000,-12484000,-18029000,-15016000,-517000,175000,0,159000,0,0,1126000,3172000,None,24000,-18005000,13.46,10.12
17,2016-06-30,USD,0,13615000,0,0,13608000,-13622000,11216000,0,13608000,0,2399000,-7000,13615000,0,0,None,None,None,0,0,0,0,-16000,0,13608000,-13622000,None,USD,93201000,0,None,18624000,10397000,82804000,0,21000,237523000,-154529000,21000,0,0,64798000,10376000,None,None,-190000,9779000,66328000,None,82804000,0,None,0,0,10376000,0,0,237523000,0,-154529000,0,None,None,None,9779000,None,None,None,None,None,None,None,None,93201000,64798000,None,32428676,USD,None,4050000,-5857000,0,None,707000,None,53000,-13622000,-13401000,-8251000,53000,171000,0,707000,0,0,1097000,5857000,None,-26000,-13427000,20.92,13.46
18,2016-03-31,USD,0,10248000,0,0,-10257000,-10257000,7812000,0,-10257000,0,2436000,-9000,-10248000,0,0,None,None,None,0,0,0,0,0,0,-10257000,-10257000,None,USD,101262000,0,None,15322000,6583000,94679000,20000,1717000,235751000,-140908000,20000,0,0,78225000,6563000,None,None,-164000,7715000,79839000,None,94679000,0,None,0,0,6563000,0,0,235751000,0,-140908000,0,None,None,None,7715000,None,None,None,20000,None,None,None,None,101262000,78225000,None,32292106,USD,None,-2098000,-2917000,0,None,0,None,None,-10257000,-12864000,-9947000,412000,179000,0,0,0,0,1817000,2917000,None,38000,-12826000,9.45,20.92
19,2015-12-31,USD,0,-12070000,0,0,-11889000,-11889000,-10413000,0,-11889000,0,-1657000,181000,-12070000,0,0,None,None,None,0,0,0,0,27000,0,-11889000,-11889000,None,USD,109358000,0,None,12361000,6308000,103050000,17000,1466000,233902000,-130651000,17000,0,0,91051000,6291000,None,None,-201000,5946000,93041000,None,103050000,0,None,0,0,6291000,0,0,233902000,0,-130651000,0,None,None,None,5946000,None,None,None,17000,None,None,None,None,109358000,91051000,None,32279106,USD,None,188000,-3746000,0,410000,2000,410000,-1614000,-11889000,-14439000,-10695000,-78000,189000,0,2000,0,0,895000,3746000,None,-190000,-14629000,10.87,9.45
