,fiscalDateEnding,reportedCurrency_x,totalRevenue,totalOperatingExpense,costOfRevenue,grossProfit,ebit,netIncome_x,researchAndDevelopment,effectOfAccountingCharges,incomeBeforeTax,minorityInterest,sellingGeneralAdministrative,otherNonOperatingIncome,operatingIncome,otherOperatingExpense,interestExpense,taxProvision,interestIncome,netInterestIncome,extraordinaryItems,nonRecurring,otherItems,incomeTaxExpense,totalOtherIncomeExpense,discontinuedOperations,netIncomeFromContinuingOperations,netIncomeApplicableToCommonShares,preferredStockAndOtherAdjustments,reportedCurrency_y,totalAssets,intangibleAssets,earningAssets,otherCurrentAssets,totalLiabilities,totalShareholderEquity,deferredLongTermLiabilities,otherCurrentLiabilities,commonStock,retainedEarnings,otherLiabilities,goodwill,otherAssets,cash,totalCurrentLiabilities,shortTermDebt,currentLongTermDebt,otherShareholderEquity,propertyPlantEquipment,totalCurrentAssets,longTermInvestments,netTangibleAssets,shortTermInvestments,netReceivables,longTermDebt,inventory,accountsPayable,totalPermanentEquity,additionalPaidInCapital,commonStockTotalEquity,preferredStockTotalEquity,retainedEarningsTotalEquity,treasuryStock,accumulatedAmortization,otherNonCurrrentAssets,deferredLongTermAssetCharges,totalNonCurrentAssets,capitalLeaseObligations,totalLongTermDebt,otherNonCurrentLiabilities,totalNonCurrentLiabilities,negativeGoodwill,warrants,preferredStockRedeemable,capitalSurplus,liabilitiesAndShareholderEquity,cashAndShortTermInvestments,accumulatedDepreciation,commonStockSharesOutstanding,reportedCurrency,investments,changeInLiabilities,cashflowFromInvestment,otherCashflowFromInvestment,netBorrowings,cashflowFromFinancing,otherCashflowFromFinancing,changeInOperatingActivities,netIncome_y,changeInCash,operatingCashflow,otherOperatingCashflow,depreciation,dividendPayout,stockSaleAndPurchase,changeInInventory,changeInAccountReceivables,changeInNetIncome,capitalExpenditures,changeInReceivables,changeInExchangeRate,changeInCashAndCashEquivalents,clossingVal,nextClossingVal
0,2020-06-30,USD,44320000,52961000,23931000,20389000,-11521000,-11528000,14548000,None,-11521000,-1587000,14482000,None,-8641000,None,0,254000,408000,408000,None,None,None,254000,-3288000,None,-11775000,-11528000,None,USD,389763000,8720000,None,None,112431000,278919000,None,None,85000,-184000000,2113000,20084000,3819000,131378000,93070000,None,None,-15912000,40360000,290493000,26287000,250115000,125759000,16802000,16809000,1940000,21596000,None,None,None,None,None,None,None,2939000,None,99270000,2769000,None,None,19361000,None,None,None,None,None,None,None,None,USD,None,None,None,None,None,None,None,None,-11528000,None,None,None,None,None,None,None,None,None,0,None,None,None,3.48,
1,2020-03-31,USD,48215000,56356000,24380000,23835000,-4922000,-5499000,16823000,None,-4922000,-1326000,15153000,None,-8141000,None,0,614000,497000,497000,None,None,None,614000,2722000,None,-5536000,-5499000,None,USD,404257000,8979000,None,None,115808000,289775000,None,None,85000,-172472000,2215000,20068000,3945000,140775000,99308000,None,None,-16036000,43734000,301248000,26283000,260728000,114910000,25258000,11150000,5425000,23759000,None,None,None,None,None,7000,None,2937000,None,103009000,7030000,11150000,None,16500000,None,None,None,473066000,None,255685000,None,68000000,USD,None,0,None,None,None,None,None,None,-5499000,None,None,None,None,None,None,None,None,None,0,None,None,None,3.3,3.48
2,2019-12-31,USD,48210000,65970000,30297000,17913000,-13747000,-18094000,14305000,None,-13747000,-1335000,21368000,None,-17760000,None,0,4384000,492000,492000,None,None,None,4383000,3521000,None,-18131000,-18094000,None,USD,424687000,9426000,None,1748000,129144000,296878000,None,34538000,85000,-166973000,2402000,20382000,4414000,162465000,111286000,None,None,-13418000,47517000,316583000,26365000,267070000,102847000,27533000,11324000,5537000,24213000,None,None,None,None,None,7000,None,2983000,None,108104000,8825000,11324000,None,17858000,None,None,None,472052000,None,265312000,None,68000000,USD,None,0,None,None,None,None,None,None,-18094000,None,None,None,None,None,None,None,None,None,0,None,None,None,4.9,3.3
3,2019-09-30,USD,43762000,57397000,24450000,19312000,-24168000,-24557000,17593000,None,-24168000,-1265000,15354000,None,-13635000,None,0,448000,801000,801000,None,None,None,448000,-11334000,None,-24616000,-24557000,None,USD,432230000,9147000,None,19453000,121862000,311633000,None,34355000,85000,-148879000,2259000,20103000,6270000,162145000,103521000,None,None,-15614000,46642000,326186000,23882000,282383000,102648000,31019000,11169000,9447000,23806000,None,None,None,None,None,7000,None,409000,None,106044000,9640000,11169000,None,18341000,None,None,None,470909000,None,264793000,None,68000000,USD,None,0,None,None,None,None,None,None,-24557000,None,None,None,None,None,None,None,None,None,0,None,None,None,2.29,4.9
4,2019-06-30,USD,47649000,60201000,25302000,22347000,-2474000,-1958000,17824000,None,-2489000,-1256000,17075000,None,-12552000,None,15000,-445000,430000,415000,None,None,None,-445000,9648000,None,-2044000,-1958000,None,USD,453406000,9699000,None,18877000,117042000,337620000,None,34870000,85000,-124322000,2625000,20682000,6797000,182973000,100982000,None,None,-12676000,39801000,340696000,35731000,307239000,101812000,27003000,10182000,9549000,23870000,None,None,None,None,None,8000,None,421000,None,112710000,7390000,10182000,None,16060000,None,None,None,469401000,None,284785000,None,67000000,USD,None,0,None,None,None,None,None,None,-1958000,None,None,None,None,None,None,None,None,None,0,None,None,None,2.62,2.29
5,2019-03-31,USD,41044000,55664000,19863000,21181000,-8274000,-8560000,18849000,None,-8334000,-1250000,16952000,None,-13726000,None,60000,290000,115000,115000,None,None,None,290000,6171000,None,-8624000,-8560000,None,USD,458941000,10136000,None,11765000,118344000,340597000,None,3995000,84000,-117232000,3006000,21116000,6710000,156306000,104115000,5187000,5187000,-10315000,35365000,347890000,37724000,309345000,142439000,22521000,7425000,14297000,22562000,None,None,None,None,None,8000,None,429000,None,111051000,10235000,7425000,None,15479000,None,None,None,468052000,None,298745000,None,68000000,USD,None,0,None,None,None,None,None,None,-8560000,None,None,None,None,None,None,None,None,None,0,None,None,None,3.66,2.62
6,2018-12-31,USD,41981000,65449000,23242000,18739000,-23468000,-32177000,21452000,0,-32855000,-1116000,20755000,None,-23468000,0,-59000,-486000,None,None,0,0,0,-486000,-9387000,1303000,-32369000,-32177000,None,USD,455431000,9991000,None,6359000,111251000,345296000,None,48267000,84000,-108672000,3216000,20717000,6283000,122930000,108035000,None,None,-12740000,21903000,362899000,33638000,314588000,196538000,24144000,None,12667000,22629000,None,None,None,None,None,-8000,None,None,None,None,None,None,None,None,None,None,None,466624000,None,319468000,None,67000000,USD,None,0,None,None,None,None,None,None,-32177000,None,None,None,None,None,None,None,None,None,0,None,None,None,3.4,3.66
7,2018-09-30,USD,45028000,63229000,21179000,23849000,-18201000,-15828000,19662000,0,-15974000,-960000,22388000,None,-18201000,0,-60000,None,None,None,0,0,0,-121000,2227000,0,-15853000,-15828000,None,USD,482687000,10343000,None,9709000,109803000,373844000,None,30964000,84000,-76495000,9308000,20669000,6056000,115845000,100495000,None,None,-14946000,21254000,385290000,39075000,342832000,215498000,33854000,None,10384000,27465000,None,None,None,None,None,None,None,None,None,None,None,None,None,None,None,None,None,None,None,None,None,67000000,USD,None,0,None,None,None,None,None,None,-15828000,None,None,None,None,None,None,None,None,None,0,None,None,None,7.26,3.4
8,2018-06-30,USD,65391000,69125000,30705000,34686000,-3734000,696000,19198000,0,307000,-1209000,19222000,None,-3734000,0,-60000,None,None,None,0,0,0,-392000,4041000,-1303000,699000,696000,None,USD,509087000,11078000,None,8611000,116288000,394008000,None,30184000,84000,-60667000,9694000,21489000,6007000,166304000,106594000,None,None,-9234000,22317000,406636000,41560000,361441000,178673000,46944000,None,6104000,32790000,None,None,None,None,None,None,None,None,None,None,None,None,None,None,None,None,None,None,None,None,None,68000000,USD,None,0,None,None,None,None,None,None,696000,None,None,None,None,None,None,None,None,None,0,None,None,None,10.7,7.26
9,2018-03-31,USD,78204000,70782000,40541000,37663000,7422000,8031000,16451000,0,7640000,-2284000,13790000,None,7422000,0,-60000,None,None,None,0,0,0,910000,218000,1303000,6730000,8031000,None,USD,508734000,5446000,None,7008000,111057000,399961000,None,33003000,83000,-61363000,8713000,22612000,7530000,200164000,102344000,None,None,-1304000,24429000,404917000,43800000,371903000,155461000,37080000,None,5204000,34198000,None,None,None,None,None,None,None,None,None,None,None,None,None,None,None,None,None,None,None,None,None,68000000,USD,None,0,None,None,None,None,None,None,8031000,None,None,None,None,None,None,None,None,None,0,None,None,None,10.09,10.7
10,2017-12-31,USD,81714000,230180000,41983000,82385000,-33535000,4140000,20558000,0,3609000,-2165000,35788000,None,3943000,0,60000,None,None,None,0,13556000,0,560000,2913000,6407000,-31297000,3053000,None,USD,533437000,27271000,None,2728000,150600000,384997000,3242000,88749000,83000,-69394000,8904000,21760000,77969000,233479000,141696000,None,None,-7022000,24685000,430783000,42741000,357726000,138915000,51782000,925000,3879000,49819000,None,None,None,None,None,None,None,None,None,None,None,None,None,None,None,None,None,None,None,None,None,66000000,USD,44185000,8527000,35208000,423000,2908000,2561000,2908000,9841000,4140000,33975000,-14216000,None,10047700,None,11000,-2925000,-20040000,17816300,8942000,None,None,None,15.39,10.09
11,2017-09-30,USD,44554000,47099000,28650000,16893000,-5554000,-16673000,15497000,0,-19372000,5000,34169000,None,-5554000,0,59000,None,None,None,0,0,0,-3016000,-13818000,1087000,-16674000,-16673000,None,USD,500051000,26689000,None,9256000,124655000,377504000,None,64376000,83000,-73533000,9487000,21424000,79155000,152176000,115168000,None,None,-8643000,23932000,396964000,43910000,350815000,205487000,30646000,None,475000,46240000,None,None,None,None,None,None,None,None,None,None,None,None,None,None,None,None,None,None,None,None,None,66000000,USD,None,0,None,None,None,None,None,None,-25559000,None,None,None,None,None,None,None,None,None,0,None,None,None,4.25,15.39
12,2017-06-30,USD,38300000,-96475000,24026000,-31433000,19424000,10478000,14662000,0,9951000,7000,27285000,None,19424000,0,60000,None,None,None,0,0,0,89000,-9473000,-2174000,10470000,10478000,None,USD,505327000,31594000,None,13760000,108611000,398765000,None,51035000,83000,-47974000,9856000,20989000,78988000,118560000,98755000,None,None,-10829000,24081000,402258000,41342000,367171000,246287000,23695000,None,315000,43625000,None,None,None,None,None,None,None,None,None,None,None,None,None,None,None,None,None,None,None,None,None,66000000,USD,None,0,None,None,None,None,None,None,-9682000,None,None,None,None,None,None,None,None,None,0,None,None,None,3.24,4.25
13,2017-03-31,USD,36015000,49671000,23217000,16162000,-10227000,-6720000,16230000,0,-6425000,5000,26110000,None,-10227000,0,60000,None,None,None,0,0,0,290000,3802000,1087000,-6715000,-6720000,None,USD,504774000,31238000,None,15244000,102601000,404174000,None,50333000,83000,-38292000,9079000,20609000,77867000,244509000,93522000,None,None,-12930000,21775000,405132000,41372000,372936000,126350000,19541000,None,361000,40116000,None,None,None,None,None,None,None,None,None,None,None,None,None,None,None,None,None,None,None,None,None,66000000,USD,None,0,None,None,None,None,None,None,-6720000,None,None,None,None,None,None,None,None,None,0,None,None,None,4.05,3.24
14,2016-12-31,USD,39222000,168675000,20201000,60643000,-31192000,-18576000,18028000,0,-33275000,-1988000,29109000,None,-31192000,0,59000,None,None,None,0,13556000,0,845000,6558000,6623000,-30806000,-24111000,None,USD,509795000,31243000,None,6892000,103545000,408238000,4717000,57708000,83000,-31572000,9505000,20497000,76494000,199504000,93405000,None,None,-13620000,21016000,412305000,40792000,376995000,181960000,23555000,886000,374000,33376000,None,None,None,None,None,None,None,None,None,None,None,None,None,None,None,None,None,None,None,None,None,67000000,USD,-144458000,18486000,-158335000,-22000,2508000,-11041000,3220000,14996000,-24111000,-162273000,16970000,None,8388000,None,58000,59000,-5168000,4173000,13756000,None,None,None,3.86,4.05
15,2016-09-30,USD,40723000,60364000,21088000,16635000,-19641000,-13535000,17836000,0,0,0,30276000,None,-19641000,0,60000,None,None,None,0,0,0,-4773000,0,0,0,0,None,USD,521507000,32785000,None,17269000,104865000,418714000,None,54630000,83000,-24609000,11491000,21292000,76779000,202226000,90602000,None,None,None,19878000,424850000,38231000,None,189216000,17652000,None,609000,33632000,None,None,None,None,None,None,None,None,None,None,None,None,None,None,None,None,None,None,None,None,None,66000000,USD,None,None,None,None,None,None,None,None,-7535000,None,None,None,None,None,None,None,None,None,0,None,None,None,5.39,3.86
16,2016-06-30,USD,37936000,-95000000,18637000,-35000000,19000000,14000000,13117000,0,0,0,24085000,None,19000000,0,60000,None,None,None,0,0,0,1459000,0,0,0,0,None,USD,521432000,33523000,None,15187000,94057000,429451000,None,46131000,83000,-17000000,11921000,21442000,81646000,266730000,77464000,None,None,None,20667000,419000000,37000000,None,124231000,13000000,None,280000,28976000,None,None,None,None,None,None,None,None,None,None,None,None,None,None,None,None,None,None,None,None,None,67000000,USD,None,None,None,None,None,None,None,None,-4000000,None,None,None,None,None,None,None,None,None,0,None,None,None,5.24,5.39
17,2016-03-31,USD,38281000,46000000,20393000,18000000,-8000000,-6000000,15379000,0,0,0,25840000,None,-8000000,0,60000,None,None,None,0,0,0,0,0,0,0,0,None,USD,546843000,34933000,None,15205000,106968000,442025000,None,55554000,84000,-13000000,12532000,22006000,76798000,309508000,88979000,None,None,None,20020000,450000000,24000000,None,113291000,13000000,None,286000,31006000,None,None,None,None,None,None,None,None,None,None,None,None,None,None,None,None,None,None,None,None,None,68000000,USD,None,None,None,None,None,None,None,None,-6000000,None,None,None,None,None,None,None,None,None,0,None,None,None,6.11,5.24
18,2015-12-31,USD,34982000,136042000,17845000,45271000,-31521000,-13167000,9957000,0,-22312000,-2068000,23024000,None,-31521000,0,59000,None,None,None,0,13556000,0,132000,9209000,4101000,-18567000,-13167000,None,USD,538361000,35329000,None,5989000,93680000,446749000,11761000,52530000,85000,-7461000,10566000,21896000,62672000,361777000,76736000,None,None,-4145000,18036000,457653000,11319000,411420000,70328000,19079000,846000,480000,21736000,None,None,None,None,None,None,None,None,None,None,None,None,None,None,None,None,None,None,None,None,None,68000000,USD,-54974000,7000,-54982000,4898000,1055000,5030000,1343000,2623000,-13167000,-42498000,13764000,None,17795000,None,4974000,-526000,1395000,5484000,4931000,None,None,None,7.56,6.11
