,fiscalDateEnding,reportedCurrency_x,totalRevenue,totalOperatingExpense,costOfRevenue,grossProfit,ebit,netIncome_x,researchAndDevelopment,effectOfAccountingCharges,incomeBeforeTax,minorityInterest,sellingGeneralAdministrative,otherNonOperatingIncome,operatingIncome,otherOperatingExpense,interestExpense,taxProvision,interestIncome,netInterestIncome,extraordinaryItems,nonRecurring,otherItems,incomeTaxExpense,totalOtherIncomeExpense,discontinuedOperations,netIncomeFromContinuingOperations,netIncomeApplicableToCommonShares,preferredStockAndOtherAdjustments,reportedCurrency_y,totalAssets,intangibleAssets,earningAssets,otherCurrentAssets,totalLiabilities,totalShareholderEquity,deferredLongTermLiabilities,otherCurrentLiabilities,commonStock,retainedEarnings,otherLiabilities,goodwill,otherAssets,cash,totalCurrentLiabilities,shortTermDebt,currentLongTermDebt,otherShareholderEquity,propertyPlantEquipment,totalCurrentAssets,longTermInvestments,netTangibleAssets,shortTermInvestments,netReceivables,longTermDebt,inventory,accountsPayable,totalPermanentEquity,additionalPaidInCapital,commonStockTotalEquity,preferredStockTotalEquity,retainedEarningsTotalEquity,treasuryStock,accumulatedAmortization,otherNonCurrrentAssets,deferredLongTermAssetCharges,totalNonCurrentAssets,capitalLeaseObligations,totalLongTermDebt,otherNonCurrentLiabilities,totalNonCurrentLiabilities,negativeGoodwill,warrants,preferredStockRedeemable,capitalSurplus,liabilitiesAndShareholderEquity,cashAndShortTermInvestments,accumulatedDepreciation,commonStockSharesOutstanding,reportedCurrency,investments,changeInLiabilities,cashflowFromInvestment,otherCashflowFromInvestment,netBorrowings,cashflowFromFinancing,otherCashflowFromFinancing,changeInOperatingActivities,netIncome_y,changeInCash,operatingCashflow,otherOperatingCashflow,depreciation,dividendPayout,stockSaleAndPurchase,changeInInventory,changeInAccountReceivables,changeInNetIncome,capitalExpenditures,changeInReceivables,changeInExchangeRate,changeInCashAndCashEquivalents,clossingVal,nextClossingVal
0,2020-06-30,USD,11099000,14866000,8009000,3090000,-2778000,-4023000,2369000,None,-4015000,None,4488000,None,-3767000,None,53000,8000,3000,-50000,None,None,None,8000,-198000,None,-4023000,-4023000,None,USD,78730000,None,None,None,34199000,44531000,94000,None,169000,-124619000,436000,None,881000,19658000,28630000,None,1128000,-11951000,25142000,52707000,None,44531000,None,4531000,2354000,24208000,5127000,None,None,None,None,None,None,None,242000,None,26023000,4533000,None,223000,5569000,None,None,None,None,None,None,None,None,USD,-252000,3166000,-252000,None,2155000,5564000,-26000,-726000,-4023000,2845000,-2598000,None,1184000,None,None,-3223000,529000,485000,253000,None,None,None,8.55,
1,2020-03-31,USD,13383000,18393000,9754000,3629000,-2435000,-3648000,2476000,None,-3422000,None,6163000,None,-5010000,None,64000,226000,12000,-52000,None,None,None,226000,1640000,None,-3648000,-3648000,None,USD,73469000,None,None,508000,29081000,44388000,97000,None,164000,-120596000,345000,None,956000,16813000,24460000,None,155000,-12321000,25509000,47004000,None,44388000,None,4954000,1171000,21653000,4385000,None,None,None,None,None,None,None,244000,None,26465000,4789000,1171000,115000,4621000,None,None,None,177141000,None,16813000,None,16000000,USD,15890000,441000,15890000,16228000,-39000,-42000,-3000,-746000,-3648000,11078000,-4739000,None,923000,None,None,-2146000,1487000,-1069000,338000,None,None,None,6.39,8.55
2,2019-12-31,USD,17534000,18929000,10768000,6766000,-481000,-1966000,2485000,None,-1687000,None,5676000,None,-1395000,None,116000,279000,1000,-157000,None,None,None,279000,-135000,None,-1966000,-1966000,None,USD,75366000,None,None,978000,26784000,48582000,19000,814000,163000,-116948000,382000,None,1109000,5265000,24917000,153000,153000,-11483000,39327000,34930000,None,48582000,None,6522000,1211000,19770000,5818000,None,None,None,None,None,None,None,803000,None,40436000,None,1211000,370000,1867000,None,None,None,176850000,None,5265000,None,16000000,USD,3130000,2672000,3130000,3186000,-2038000,-2041000,-3000,872000,-1966000,123000,-1108000,None,1090000,None,289000,-1340000,-2788000,329000,53000,None,None,None,7.46,6.39
3,2019-09-30,USD,10884000,15762000,8006000,2878000,-3602000,-4844000,2430000,None,-4829000,None,5326000,None,-4878000,None,85000,15000,2000,-108000,None,None,None,15000,157000,None,-4844000,-4844000,None,USD,72216000,None,None,1364000,22853000,49363000,41000,9735000,163000,-114982000,324000,None,939000,4756000,19126000,151000,151000,-12328000,39407000,31870000,792000,49363000,210000,3711000,3250000,18610000,6035000,None,None,None,None,None,None,None,408000,None,40346000,None,3250000,250000,3727000,None,None,None,176510000,None,4756000,None,16000000,USD,-190000,3588000,-190000,3000,1963000,2078000,-3000,-786000,-4844000,-1132000,-2699000,None,1142000,None,289000,-3206000,911000,473000,190000,None,None,None,8.85,7.46
4,2019-06-30,USD,15279000,18841000,10137000,5142000,-2435000,-3789000,2537000,None,-3690000,None,6167000,None,-3562000,None,71000,99000,2000,-92000,None,None,None,99000,-36000,None,-3789000,-3789000,None,USD,73698000,None,None,1790000,18126000,55572000,63000,7427000,163000,-110138000,442000,None,1378000,5462000,16217000,149000,149000,-10941000,41189000,31131000,1204000,55572000,293000,4667000,1288000,16183000,5339000,None,None,None,None,None,None,None,484000,None,42567000,None,1288000,280000,1909000,None,None,None,176488000,None,5462000,None,16000000,USD,-73000,2206000,-73000,3000,-38000,-34000,-2000,413000,-3789000,-90000,-122000,None,1184000,None,171000,409000,-998000,429000,76000,None,None,None,9.32,8.85
5,2019-03-31,USD,9579000,14792000,6937000,2642000,-4060000,-4496000,2432000,None,-5296000,None,5423000,None,-5213000,None,71000,-800000,-87000,-90000,None,None,None,-800000,7000,None,-4496000,-4496000,None,USD,73618000,None,None,1896000,15579000,58039000,85000,6824000,163000,-106349000,453000,None,197000,5446000,13605000,147000,147000,-11524000,41696000,30453000,1272000,58039000,287000,3546000,1326000,16361000,3488000,None,None,None,None,None,None,None,537000,None,43165000,None,1326000,296000,1974000,None,None,None,175749000,None,5446000,None,16000000,USD,-347000,2329000,-347000,None,-36000,56000,-68000,-2170000,-4496000,-1798000,-1386000,None,1165000,None,165000,-1576000,2877000,473000,347000,None,None,None,8.49,9.32
6,2018-12-31,USD,25305000,22144000,15143000,10162000,3161000,2078000,2270000,0,2186000,0,4731000,None,3161000,0,-75000,None,None,None,0,0,0,108000,-975000,0,2078000,2078000,None,USD,77682000,None,None,2438000,14907000,62775000,107000,2343000,162000,-101853000,631000,None,1573000,9140000,12912000,144000,144000,-10748000,41906000,34203000,None,62775000,None,6695000,1364000,15930000,10425000,None,None,162000,None,-101853000,None,None,1573000,None,43479000,None,1364000,631000,1995000,None,None,None,175214000,77682000,9140000,None,16234201,USD,None,-10324000,-114000,98000,-40000,-32000,-5000,813000,2078000,-2877000,-2954000,None,1705000,None,529000,4017000,-1529000,263000,135000,None,None,None,6.62,8.49
7,2018-09-30,USD,16589000,17631000,10000000,6589000,-1042000,-323000,2444000,0,-306000,0,5187000,None,-1042000,0,-73000,None,None,None,0,0,0,17000,736000,0,-323000,-323000,None,USD,85314000,0,None,2222000,24940000,60374000,129000,15964000,162000,-103931000,1000,0,692000,10705000,23500000,142000,142000,-10751000,42917000,41705000,None,60374000,1312000,5384000,1401000,20719000,3534000,0,0,0,0,0,0,None,None,None,None,None,None,None,None,None,None,None,None,None,None,None,16000000,USD,None,-320000,-321000,0,-40000,404000,-77000,-1039000,-323000,-1030000,-1016000,None,1210000,0,0,-398000,-597000,426000,373000,None,None,None,9.48,6.62
8,2018-06-30,USD,10857000,18114000,9305000,1552000,-7257000,-8037000,3164000,0,-8019000,0,5645000,None,-7257000,0,-73000,None,None,None,0,0,0,18000,-762000,0,-8037000,-8037000,None,USD,86839000,0,None,1551000,26516000,60323000,151000,15206000,161000,-103608000,1000,0,770000,11584000,25037000,140000,140000,-10322000,44791000,41278000,None,60323000,1463000,5003000,1437000,20551000,4756000,0,0,0,0,0,0,None,None,None,None,None,None,None,None,None,None,None,None,None,None,None,16000000,USD,None,4388000,-336000,0,-40000,-40000,-77000,1934000,-8037000,-3809000,-3027000,None,1328000,0,0,-3574000,245000,667000,336000,None,None,None,7.08,9.48
9,2018-03-31,USD,11893000,18029000,9032000,2861000,-6136000,-6385000,2795000,0,-6368000,0,6202000,None,-6136000,0,-33000,None,None,None,0,0,0,17000,-232000,0,-6385000,-6385000,None,USD,92325000,0,None,1722000,21720000,70605000,172000,10789000,161000,-95571000,1000,0,870000,15222000,20200000,138000,138000,-8082000,47536000,43919000,None,70605000,1634000,5272000,1473000,18603000,5591000,0,0,0,0,0,0,None,None,None,None,None,None,None,None,None,None,None,None,None,None,None,16000000,USD,None,1463000,-458000,0,-39000,-227000,-188000,-1862000,-6385000,-5322000,-4846000,None,1260000,0,0,-3486000,3518000,641000,483000,None,None,None,7.28,7.08
10,2017-12-31,USD,20189000,108144000,11301000,10746000,6724000,-15154000,2690000,0,-15130000,0,8454000,None,-14063000,0,25000,None,None,None,0,0,0,15000,-1067000,0,6383000,6383000,None,USD,95560000,62000,None,1710000,20351000,75209000,0,14363000,161000,-89186000,1000,0,798000,21848000,18806000,137000,137000,-9484000,46797000,47965000,None,75147000,330000,8647000,1544000,15430000,4291000,0,0,0,0,0,0,None,None,None,None,None,None,None,None,None,None,None,None,None,None,None,16000000,USD,None,1723000,2719000,0,-215000,-68000,None,-411000,-20017000,-5977000,-9673000,None,5411000,0,0,357000,-1733000,4991000,987000,None,None,None,8.4,7.28
11,2017-09-30,USD,15887000,-48909000,10413000,2071000,-46090000,1540000,2871000,0,1545000,0,8933000,None,1500000,0,24000,None,None,None,0,0,0,14000,45000,0,-47161000,-47161000,None,USD,94701000,152000,None,2293000,18630000,76071000,0,12566000,161000,-87226000,9000,0,933000,17706000,17037000,135000,135000,-10022000,49489000,44279000,None,75919000,1098000,6539000,1584000,16643000,4311000,0,0,0,0,0,0,None,None,None,None,None,None,None,None,None,None,None,None,None,None,None,16000000,USD,None,-3407000,2828000,0,-53000,-166000,-188000,-938000,-18057000,-6359000,-12895000,None,0,0,0,2772000,288000,1054000,874000,None,None,None,11.36,8.4
12,2017-06-30,USD,10799000,17408000,7806000,423000,27236000,388000,2349000,0,397000,0,8362000,None,323000,0,23000,None,None,None,0,0,0,9000,74000,0,27552000,27552000,None,USD,100361000,236000,None,2059000,21829000,78532000,0,15659000,160000,-82363000,9000,0,540000,24051000,20198000,1796000,1796000,-11216000,49011000,50810000,None,78296000,1112000,6566000,1622000,17022000,4365000,0,0,0,0,0,0,None,None,None,None,None,None,None,None,None,None,None,None,None,None,None,16000000,USD,None,511000,3285000,0,-56000,-113000,-188000,75000,-13194000,-3171000,-6924000,None,0,0,168361000,3358000,69000,945000,392000,None,None,None,11.45,11.36
13,2017-03-31,USD,10869000,0,7111000,1603000,-6769000,-6791000,1999000,0,-6791000,0,7993000,None,-6659000,0,22000,None,None,None,0,0,0,0,-132000,0,-6791000,-6791000,None,USD,102459000,303000,None,5491000,20291000,82168000,0,15678000,160000,-75960000,9000,0,640000,25671000,18623000,192000,192000,-13709000,46384000,55435000,None,81865000,2663000,5473000,1659000,16137000,2753000,0,0,0,0,0,0,None,None,None,None,None,None,None,None,None,None,None,None,None,None,None,16000000,USD,None,3795000,-212000,0,-57000,-57000,None,-902000,-6791000,179000,163000,None,0,0,168361000,132000,944000,676000,249000,None,None,None,10.19,11.45
14,2016-12-31,USD,14631000,7577000,9411000,5220000,-2522000,-2568000,2077000,0,-2544000,0,5500000,-165000,-2357000,0,22000,None,None,None,0,0,0,24000,-313000,0,-2568000,-2568000,None,USD,104178000,668000,None,1489000,16398000,87780000,0,7371000,160000,-68761000,9000,0,1445000,27825000,14735000,204000,132000,-14735000,51134000,51599000,None,87780000,330000,6447000,1644000,15838000,7160000,0,0,160000,0,-68761000,0,None,1445000,None,52579000,10000,1654000,9000,1663000,None,None,None,171116000,104178000,27825000,None,16017115,USD,None,-1185000,-634000,23000,-57000,-57000,-801000,-187000,-2568000,-1435000,-744000,224000,1385000,0,595000,2454000,3316000,311000,657000,-1365000,None,-1573000,9.34,10.19
15,2016-09-30,USD,12988000,7132000,9428000,3560000,-3564000,-3611000,1898000,0,-3586000,0,5234000,8000,-3572000,0,22000,None,None,None,0,0,0,25000,-197000,0,-3611000,-3611000,None,USD,111901000,0,None,1802000,18424000,93477000,0,9122000,160000,-66193000,9000,0,1716000,29813000,16684000,223000,223000,-11247000,54323000,55862000,None,93477000,0,5215000,1707000,19032000,7339000,0,0,160000,0,-66193000,0,None,1716000,None,56039000,24000,1731000,9000,1740000,None,None,None,170757000,111901000,29813000,None,15998782,USD,None,-1075000,-351000,8000,-54000,-54000,None,-20000,-3611000,-2146000,-1741000,-23000,1418000,0,170353000,991000,4681000,530000,359000,29000,75000,-2071000,15.22,9.34
16,2016-06-30,USD,11755000,6609000,8249000,3506000,-2898000,-2942000,1946000,0,-2920000,0,4663000,205000,-3103000,0,22000,None,None,None,0,0,0,22000,322000,0,-2942000,-2942000,None,USD,115471000,0,None,1969000,19422000,96049000,0,8904000,160000,-62582000,9000,0,1438000,31884000,17630000,225000,225000,-11736000,55012000,59021000,None,96049000,0,5234000,1742000,19934000,8501000,0,0,160000,0,-62582000,0,None,1438000,None,56450000,41000,1783000,9000,1792000,None,None,None,170207000,115471000,31884000,None,15995282,USD,None,2280000,-107000,44000,-55000,-70000,-14000,356000,-2942000,648000,825000,354000,1449000,0,-1000,-636000,4652000,162000,151000,158000,-29000,619000,10.57,15.22
17,2016-03-31,USD,8414000,7218000,6538000,1876000,-5249000,-5477000,1893000,0,-5481000,0,5325000,93000,-5342000,0,232000,None,None,None,0,0,0,-4000,-139000,0,-5477000,-5477000,None,USD,116362000,0,None,2325000,17364000,98998000,0,7465000,160000,-59640000,1000,0,1570000,31265000,15525000,223000,None,-11487000,56775000,58017000,None,98998000,0,5039000,1777000,19388000,7837000,0,0,160000,0,-59640000,0,None,1570000,None,58345000,61000,1838000,1000,1839000,None,None,None,169965000,116362000,31265000,None,15992785,USD,None,-2073000,-180000,0,-54000,13003000,12461000,None,-5477000,11831000,-992000,469000,1617000,0,596000,-312000,4494000,290000,180000,4494000,92000,11923000,13.14,10.57
18,2015-12-31,USD,16198000,7158000,10129000,6069000,-1127000,-1219000,2061000,0,-1192000,0,5097000,-38000,-1089000,0,65000,None,None,None,0,4419000,0,27000,-3780000,0,-1219000,-1219000,None,USD,107958000,1096000,None,2918000,18885000,89073000,0,7103000,144000,-54163000,28000,0,1659000,19342000,16964000,220000,132000,-13535000,54832000,51467000,None,89073000,330000,9368000,1812000,19839000,9641000,89073000,89073000,144000,89073000,-54163000,-89073000,None,1659000,None,56491000,81000,1893000,28000,1921000,None,None,None,156627000,107958000,19342000,None,14446967,USD,None,1917000,-659000,190000,-92000,-307000,-215000,-138000,-1219000,-681000,285000,235000,1408000,0,-215000,1438000,4567000,84000,849000,-3578000,-230000,-911000,10.04,13.14
19,2015-09-30,USD,8864000,11262000,7695000,1169000,-10089000,-10077000,1825000,0,-10118000,0,5018000,4000,-10093000,0,29000,None,None,None,0,4419000,0,-41000,55000,0,-10077000,-10077000,None,USD,109430000,0,None,2996000,18141000,91289000,0,6703000,144000,-52944000,24000,0,2166000,20253000,16167000,258000,None,-12057000,56325000,50939000,None,91289000,0,5458000,1847000,22232000,9206000,0,0,144000,0,-52944000,0,None,2166000,None,58491000,103000,1950000,24000,1974000,None,None,None,156146000,109430000,20253000,None,14428634,USD,None,-127000,-1588000,-330000,-104000,-104000,None,None,-10077000,-4593000,-2901000,379000,1330000,0,0,-1102000,8145000,4685000,1258000,2011000,66000,-4527000,6.71,10.04
