,fiscalDateEnding,reportedCurrency_x,totalRevenue,totalOperatingExpense,costOfRevenue,grossProfit,ebit,netIncome_x,researchAndDevelopment,effectOfAccountingCharges,incomeBeforeTax,minorityInterest,sellingGeneralAdministrative,otherNonOperatingIncome,operatingIncome,otherOperatingExpense,interestExpense,taxProvision,interestIncome,netInterestIncome,extraordinaryItems,nonRecurring,otherItems,incomeTaxExpense,totalOtherIncomeExpense,discontinuedOperations,netIncomeFromContinuingOperations,netIncomeApplicableToCommonShares,preferredStockAndOtherAdjustments,reportedCurrency_y,totalAssets,intangibleAssets,earningAssets,otherCurrentAssets,totalLiabilities,totalShareholderEquity,deferredLongTermLiabilities,otherCurrentLiabilities,commonStock,retainedEarnings,otherLiabilities,goodwill,otherAssets,cash,totalCurrentLiabilities,shortTermDebt,currentLongTermDebt,otherShareholderEquity,propertyPlantEquipment,totalCurrentAssets,longTermInvestments,netTangibleAssets,shortTermInvestments,netReceivables,longTermDebt,inventory,accountsPayable,totalPermanentEquity,additionalPaidInCapital,commonStockTotalEquity,preferredStockTotalEquity,retainedEarningsTotalEquity,treasuryStock,accumulatedAmortization,otherNonCurrrentAssets,deferredLongTermAssetCharges,totalNonCurrentAssets,capitalLeaseObligations,totalLongTermDebt,otherNonCurrentLiabilities,totalNonCurrentLiabilities,negativeGoodwill,warrants,preferredStockRedeemable,capitalSurplus,liabilitiesAndShareholderEquity,cashAndShortTermInvestments,accumulatedDepreciation,commonStockSharesOutstanding,reportedCurrency,investments,changeInLiabilities,cashflowFromInvestment,otherCashflowFromInvestment,netBorrowings,cashflowFromFinancing,otherCashflowFromFinancing,changeInOperatingActivities,netIncome_y,changeInCash,operatingCashflow,otherOperatingCashflow,depreciation,dividendPayout,stockSaleAndPurchase,changeInInventory,changeInAccountReceivables,changeInNetIncome,capitalExpenditures,changeInReceivables,changeInExchangeRate,changeInCashAndCashEquivalents,clossingVal,nextClossingVal
0,2020-06-30,USD,1015400000,-121400000,126000000,-126000000,-4400000,-37100000,None,None,-44600000,None,703100000,200000,-4600000,-818500000,40200000,-7500000,None,-40200000,None,-6000000,None,-7500000,6200000,None,-37100000,-37100000,None,USD,1936600000,None,None,42900000,2189500000,-466900000,None,139600000,300000,-2345200000,512900000,None,44400000,320200000,802300000,3600000,1400000,-364800000,713700000,859300000,None,-252900000,None,496200000,871100000,None,659100000,None,None,300000,None,-2345200000,-92700000,None,363100000,None,500000,554000000,871100000,516100000,1387200000,None,None,None,2335500000,1936600000,320200000,-2002300000,None,USD,-2600000,128700000,-2600000,9100000,-11900000,-12300000,-400000,134100000,-37100000,214300000,229200000,35300000,34200000,None,None,None,29100000,39000000,11700000,29100000,None,214300000,1.85,
1,2020-03-31,USD,1150400000,-164200000,136200000,-136200000,32200000,4300000,None,None,3900000,None,781800000,4200000,28000000,-906700000,28300000,-400000,-28300000,-28300000,None,-39300000,None,-400000,43500000,None,4300000,4300000,None,USD,1853000000,None,None,60000000,2063800000,-433800000,None,148400000,300000,-2308100000,517700000,None,67500000,105900000,704500000,4100000,1400000,-368000000,738900000,691100000,None,-210800000,None,525200000,838300000,None,552000000,None,None,300000,None,-2308100000,-92700000,None,422500000,None,500000,569400000,838300000,521000000,1359300000,None,None,None,2334700000,1853000000,105900000,-1990000000,36000000,USD,32600000,34400000,32600000,45000000,-20100000,-20300000,-200000,15600000,4300000,-3300000,-15600000,1100000,35700000,None,None,None,-61000000,-30100000,12400000,-61000000,None,-3300000,1.68,1.85
2,2019-12-31,USD,1159500000,-4335700000,614200000,-1796500000,9600000,-15300000,None,None,-18500000,None,532100000,-200000,9800000,-2328300000,28100000,-3200000,-28100000,-28100000,None,-10100000,None,-3200000,9900000,None,-15300000,-15300000,None,USD,1831600000,15000000,None,44600000,2026500000,-441200000,None,120800000,300000,-2312400000,513100000,None,42100000,109200000,652000000,4100000,1400000,-369300000,770300000,618200000,None,-194900000,None,464400000,858100000,None,527100000,None,None,300000,None,-2312400000,-92700000,None,442500000,None,600000,598400000,858100000,516400000,1374500000,None,None,None,2332900000,1831600000,109200000,-1991300000,33715,USD,-15700000,-58500000,-15700000,16000000,-4400000,-4500000,-100000,-48900000,-15300000,-12100000,8100000,-400000,36700000,None,None,None,49900000,-4300000,31700000,49900000,None,-12100000,2.55,1.68
3,2019-09-30,USD,1256800000,1233000000,1173000000,83800000,11400000,-16000000,None,None,-16500000,None,815200000,-12400000,23800000,-840000000,27900000,-500000,-27900000,-27900000,None,1000000,None,-500000,-13400000,None,-16000000,-16000000,None,USD,1917100000,None,None,44300000,2030700000,-380700000,200000,116100000,300000,-2297100000,466700000,None,54400000,121300000,699900000,4300000,1500000,-323200000,782400000,679900000,None,-113600000,None,568700000,860700000,None,579500000,None,None,300000,None,-2297100000,-92700000,None,400400000,None,1182800000,615700000,860700000,469900000,1330800000,None,None,None,2332000000,1917100000,121300000,None,33000000,USD,-39300000,-32300000,-39300000,1600000,200000,200000,-11100000,-18800000,-16000000,3800000,42900000,11200000,37200000,None,None,None,24400000,18400000,40900000,24400000,None,3800000,3.02,2.55
4,2019-06-30,USD,1272600000,1258300000,1207100000,65500000,13700000,-23600000,None,None,-14500000,None,839700000,-600000,14300000,-847800000,28200000,9100000,-28200000,-28200000,None,-6200000,None,9100000,5600000,None,-23600000,-23600000,None,USD,1907300000,None,None,52300000,2033700000,-370100000,None,110500000,300000,-2281100000,468400000,None,43700000,117500000,728000000,18400000,15800000,-326800000,781200000,708500000,None,-126400000,None,582000000,833900000,None,599100000,None,None,300000,None,-2281100000,-92700000,None,373900000,None,400000,587300000,833900000,471800000,1305700000,None,None,None,2330200000,1907300000,117500000,None,33000000,USD,-30500000,43500000,-30500000,7500000,-15600000,-15800000,-200000,66500000,-23600000,-34100000,12200000,-18800000,38500000,None,None,None,-25100000,-2300000,38000000,-25100000,None,-34100000,4.03,3.02
5,2019-03-31,USD,1182300000,1214000000,1054200000,1182300000,-31800000,-49100000,None,None,-58800000,None,1017900000,-100000,-31700000,186300000,27000000,-9700000,-27000000,-27000000,None,9800000,None,-9700000,-9900000,None,-49100000,-49100000,None,USD,1928800000,None,None,65900000,2037800000,-349500000,None,106400000,300000,-2257500000,471300000,None,43700000,151600000,716200000,23600000,19500000,-328800000,786400000,731100000,None,-109000000,None,557000000,846900000,None,586200000,None,None,300000,None,-2257500000,-92700000,None,367600000,None,300000,584500000,846900000,474700000,1321600000,None,None,None,2329200000,1928800000,151600000,None,33000000,USD,-31800000,-27600000,-31800000,800000,-1900000,-2500000,-600000,-24000000,-49100000,-76000000,-41700000,21200000,40000000,None,None,None,-42100000,15900000,32600000,-42100000,None,-76000000,6.69,4.03
6,2018-12-31,USD,1247400000,1192300000,1123600000,1247400000,54500000,17500000,0,0,26400000,0,1015700000,-600000,55100000,204700000,28100000,8900000,None,None,0,-28100000,0,8900000,100000,0,17500000,17500000,None,USD,1617100000,25200000,None,58700000,1922600000,-305500000,1800000,145400000,300000,-2208400000,476000000,None,39200000,227600000,592400000,20700000,15700000,-332300000,796100000,756600000,None,-305500000,None,534700000,854200000,None,571700000,None,None,300000,None,-2208400000,-92700000,None,None,None,796100000,None,854200000,474200000,1330200000,None,None,None,2327600000,1617100000,227600000,None,33090000,USD,None,-44500000,-21500000,31500000,-11000000,-11000000,-11100000,-15400000,17500000,34400000,66900000,6000000,37500000,None,None,None,75500000,-25100000,53000000,75500000,None,34400000,3.15,6.69
7,2018-09-30,USD,1303600000,1262400000,1165000000,1303600000,34200000,2900000,0,0,7600000,0,1042200000,-7000000,41200000,218300000,26600000,None,None,None,0,1900000,0,4700000,-30500000,0,2900000,2900000,None,USD,1657600000,0,None,61900000,1986400000,-328800000,3200000,165000000,300000,-2225900000,496000000,0,72400000,193200000,627400000,25100000,19500000,-337300000,783400000,801800000,None,-328800000,0,619100000,863000000,0,602300000,-328800000,2326800000,300000,0,-2225900000,-92700000,None,None,None,783400000,None,863000000,492800000,1359000000,None,None,None,2326800000,1657600000,193200000,None,34000000,USD,None,6900000,-45200000,700000,-6300000,-6700000,-400000,12300000,2900000,34500000,86400000,27700000,34900000,0,0,0,6700000,7300000,45900000,6700000,None,34500000,8.98,3.15
8,2018-06-30,USD,1326500000,1275600000,1174800000,1326500000,50300000,14400000,0,0,24800000,0,1058600000,-600000,50900000,214800000,25500000,None,None,None,0,2200000,0,10400000,-28700000,0,14400000,14400000,None,USD,1644500000,0,None,82200000,1988600000,-344100000,3100000,165800000,300000,-2228800000,511300000,0,75100000,158700000,612600000,28500000,19500000,-349500000,774600000,794800000,None,-344100000,0,629000000,864700000,0,584100000,-344100000,2326600000,300000,0,-2228800000,-92700000,None,None,None,774600000,None,864700000,508200000,1376000000,None,None,None,2326600000,1644500000,158700000,None,34000000,USD,None,23300000,-21800000,1200000,-7600000,-7800000,-200000,19400000,14400000,45600000,75200000,12000000,37600000,0,0,0,-24300000,12200000,23000000,-24300000,None,45600000,10.05,8.98
9,2018-03-31,USD,1214500000,1218800000,1114800000,1214500000,-1900000,-14600000,0,0,-27500000,0,1022500000,2400000,-4300000,193100000,25600000,None,None,None,0,3200000,0,-12900000,-26900000,0,-14600000,-14600000,None,USD,1608700000,27000000,None,128800000,1974600000,-365900000,3100000,175600000,300000,-2243200000,520300000,0,45100000,113100000,583600000,29300000,19500000,-353800000,792600000,744000000,None,-365900000,9100000,574200000,870700000,0,554300000,-365900000,2323500000,300000,0,-2243200000,-92700000,None,None,None,792600000,None,870700000,517200000,1391000000,None,None,None,2323500000,1608700000,113100000,None,33000000,USD,None,35000000,-20500000,3000000,-7000000,-8400000,-1400000,3700000,-14600000,-32600000,-3700000,-29400000,37700000,0,0,0,-41300000,8900000,23500000,-41300000,None,-32600000,8.83,10.05
10,2017-12-31,USD,1208600000,1197300000,1145800000,1208600000,10600000,-7500000,0,0,-15200000,0,999900000,-700000,11300000,201000000,25800000,None,None,None,0,-3600000,0,-7700000,-79700000,0,-7500000,-7500000,None,USD,1585500000,27800000,None,93900000,1939000000,-353500000,3100000,341600000,300000,-2228600000,516200000,0,72700000,145700000,544200000,30600000,19500000,-355800000,812700000,700100000,None,-353500000,54100000,533200000,875500000,0,513600000,-353500000,2323300000,300000,0,-2228600000,-92700000,None,None,None,812700000,None,875500000,516200000,1394800000,None,None,None,2323300000,1585500000,145700000,None,32733000,USD,None,-77800000,-32000000,500000,-31300000,-33700000,-2400000,-77500000,-7500000,-69200000,-3500000,11100000,36700000,0,0,0,-38600000,-6200000,32500000,40200000,None,-69200000,14.38,8.83
11,2017-09-30,USD,1251200000,1211100000,1169800000,1251200000,29800000,3000000,0,0,3900000,0,1004000000,-10300000,40100000,205800000,25900000,None,None,None,0,1300000,0,900000,-8800000,0,3000000,3000000,None,USD,1701600000,27800000,None,94400000,2105300000,-403700000,3100000,379900000,300000,-2221100000,605800000,0,72600000,214800000,583400000,28500000,17000000,-412300000,819100000,809900000,None,-403700000,54000000,573300000,913000000,0,554900000,-403700000,2322100000,300000,0,-2221100000,-92700000,None,None,None,819100000,None,913000000,605800000,1521900000,None,None,None,2322100000,1701600000,214800000,None,32726000,USD,None,-16000000,-30300000,1500000,-49900000,-49900000,-11100000,-17200000,3000000,-54400000,25800000,12000000,36700000,0,0,0,78800000,7400000,31800000,-17300000,None,-54400000,13.8,14.38
12,2017-06-30,USD,1260600000,1210600000,1171200000,1260600000,48300000,19000000,0,0,22600000,0,1014800000,-1700000,50000000,196800000,25700000,None,None,None,0,-1000000,0,3600000,-1000000,0,19000000,19000000,None,USD,1759100000,27500000,None,104600000,2169600000,-410500000,3100000,382900000,300000,-2224100000,632100000,0,75300000,269200000,564100000,17700000,988000000,-414800000,826800000,857000000,None,-410500000,54000000,558500000,970300000,0,546400000,-410500000,2320800000,300000,0,-2224100000,-92700000,None,None,None,826800000,None,970300000,632100000,1605500000,None,None,None,2320800000,1759100000,269200000,None,32720000,USD,None,7900000,-27500000,-4800000,-4000000,-4000000,-11100000,6400000,19000000,32800000,64300000,7400000,37200000,0,0,0,61500000,9300000,22700000,-16500000,None,32800000,11.12,13.8
13,2017-03-31,USD,1170600000,1173600000,1130500000,1170600000,-4000000,-25300000,0,0,-29400000,0,999300000,-1000000,-3000000,171600000,25400000,None,None,None,0,2700000,0,-4100000,-26400000,0,-25300000,-25300000,None,USD,1727900000,27200000,None,111900000,2165900000,-438000000,3100000,371200000,300000,-2243100000,644700000,0,93600000,226400000,545200000,17300000,17300000,-420800000,845400000,788900000,None,-438000000,28000000,544200000,972900000,0,527900000,-438000000,2318300000,300000,0,-2243100000,-92700000,None,None,None,845400000,None,972900000,644700000,1620700000,None,None,None,2318300000,1727900000,226400000,None,32712000,USD,None,4400000,80200000,96500000,-8600000,-8600000,-3200000,-8000000,-25300000,45700000,-25900000,-8000000,37100000,0,0,0,45000000,10900000,16300000,-45000000,None,45700000,11.01,11.12
14,2016-12-31,USD,1148300000,1133400000,1096500000,1148300000,17700000,-7500000,0,0,-7800000,0,951900000,2800000,14900000,184900000,25500000,None,None,None,0,-3400000,0,-300000,-60700000,0,-7500000,-7500000,None,USD,1770000000,27200000,None,95900000,2186200000,-416200000,3600000,384500000,300000,-2217800000,640400000,0,118600000,263400000,561900000,16800000,6700000,-425200000,870600000,780800000,None,-416200000,126700000,502900000,980300000,0,545100000,-416200000,2319200000,300000,0,-2217800000,-92700000,None,12300000,24900000,907800000,None,980300000,640400000,1624300000,None,None,None,2319200000,1770000000,263400000,None,32473000,USD,14600000,-52600000,-112600000,-87400000,-44200000,-44200000,-1800000,-67500000,-7500000,-139700000,17100000,6400000,48900000,0,0,0,-21000000,-6800000,25200000,28700000,None,-139700000,13.28,11.01
15,2016-09-30,USD,1221300000,1182500000,1142000000,1221300000,40000000,13900000,0,0,14400000,0,985200000,1200000,38800000,197100000,25600000,None,None,None,0,200000,0,500000,1000000,0,13900000,13900000,None,USD,1870600000,30700000,None,106000000,2212800000,-342200000,3800000,401900000,300000,-2210300000,602700000,0,110300000,319400000,582400000,16600000,16600000,-357400000,887800000,872500000,None,-342200000,43000000,534400000,1023900000,0,565800000,-342200000,2317900000,300000,0,-2210300000,-92700000,None,None,None,23000000,None,1023900000,602700000,1630400000,None,None,None,2317900000,1870600000,319400000,None,32471000,USD,None,-28500000,-500000,27600000,-5100000,-5100000,None,900000,13900000,32900000,38500000,900000,40300000,0,0,0,49700000,6300000,28100000,5600000,None,32900000,12.32,13.28
16,2016-06-30,USD,1207600000,1150400000,1123000000,1207600000,58000000,27100000,0,0,31800000,0,986300000,800000,57200000,175200000,26200000,None,None,None,0,-11100000,0,4700000,1800000,0,27100000,27100000,None,USD,1886000000,34200000,None,110300000,2245800000,-359800000,3800000,405300000,300000,-2224200000,621200000,0,118800000,308600000,592800000,16400000,16400000,-359700000,902700000,864500000,None,-359800000,61400000,541400000,1028000000,0,576400000,-359800000,2316500000,300000,0,-2224200000,-92700000,None,None,None,23000000,None,1028000000,621200000,1653000000,None,None,None,2316500000,1886000000,308600000,None,32461000,USD,None,6000000,19000000,46500000,-19000000,-19000000,None,10100000,27100000,58600000,58600000,10100000,38500000,0,0,0,55300000,-3000000,27500000,-20100000,None,58600000,8.8,12.32
17,2016-03-31,USD,1120300000,1106900000,1066500000,1120300000,12300000,-12000000,0,0,-13800000,0,951000000,-1100000,13400000,156200000,26100000,None,None,None,0,-300000,0,-1800000,-27200000,0,-12000000,-12000000,None,USD,1863800000,36500000,None,120800000,2256500000,-392700000,3800000,394400000,300000,-2251300000,633400000,0,193800000,279900000,575100000,16000000,None,-362900000,916800000,753200000,None,-392700000,20500000,523300000,1044200000,0,559100000,0,0,300000,0,-2251300000,-92700000,None,None,None,23000000,None,1044200000,633400000,1681400000,None,None,None,2313900000,1863800000,279900000,None,32456000,USD,14600000,-4700000,26400000,31600000,-4200000,-4200000,None,None,-12000000,11100000,-11100000,-6900000,40700000,0,0,0,35200000,7000000,19800000,-35200000,None,11100000,9.32,8.8
18,2015-12-31,USD,1142700000,1158000000,1088800000,1142700000,-12600000,-23500000,0,0,-39000000,0,987400000,2700000,-15300000,170200000,26400000,None,None,None,0,400000,0,-15500000,-83200000,0,-23500000,-23500000,None,USD,1894600000,40400000,None,114800000,2274000000,-379400000,3700000,366700000,300000,-2239300000,635100000,0,222900000,232600000,573500000,15900000,7000000,-360300000,937300000,734400000,22300000,-379400000,58800000,523500000,1061700000,0,557600000,0,0,300000,0,-2239300000,-92700000,None,63400000,23000000,1023700000,None,1061700000,635100000,1700500000,None,None,None,2312600000,1894600000,232600000,None,32141000,USD,14600000,-63500000,-82600000,-46400000,-3600000,-3600000,-1800000,-92000000,-23500000,-36900000,49300000,29900000,42000000,0,0,0,40700000,-5700000,36200000,70100000,None,-36900000,14.18,9.32
19,2015-09-30,USD,1244900000,1197200000,1155600000,1244900000,52200000,19800000,0,0,26500000,0,1006000000,4500000,47700000,190300000,25700000,None,None,None,0,900000,0,6700000,7400000,0,19800000,19800000,None,USD,1964800000,45100000,None,122300000,2392100000,-427300000,3200000,413000000,300000,-2215800000,709500000,0,214500000,282900000,614100000,15500000,None,-429900000,938900000,811400000,None,-427300000,25700000,599500000,1065300000,0,598600000,0,0,300000,0,-2215800000,-92700000,None,None,None,21200000,None,1065300000,709500000,1778000000,None,None,None,2310800000,1964800000,282900000,None,32126000,USD,None,-11800000,-38800000,-12500000,-4000000,-4000000,None,None,19800000,14700000,60400000,-6700000,42600000,0,0,0,29400000,2700000,29200000,13800000,None,14700000,13.26,14.18
