,fiscalDateEnding,reportedCurrency_x,totalRevenue,totalOperatingExpense,costOfRevenue,grossProfit,ebit,netIncome_x,researchAndDevelopment,effectOfAccountingCharges,incomeBeforeTax,minorityInterest,sellingGeneralAdministrative,otherNonOperatingIncome,operatingIncome,otherOperatingExpense,interestExpense,taxProvision,interestIncome,netInterestIncome,extraordinaryItems,nonRecurring,otherItems,incomeTaxExpense,totalOtherIncomeExpense,discontinuedOperations,netIncomeFromContinuingOperations,netIncomeApplicableToCommonShares,preferredStockAndOtherAdjustments,reportedCurrency_y,totalAssets,intangibleAssets,earningAssets,otherCurrentAssets,totalLiabilities,totalShareholderEquity,deferredLongTermLiabilities,otherCurrentLiabilities,commonStock,retainedEarnings,otherLiabilities,goodwill,otherAssets,cash,totalCurrentLiabilities,shortTermDebt,currentLongTermDebt,otherShareholderEquity,propertyPlantEquipment,totalCurrentAssets,longTermInvestments,netTangibleAssets,shortTermInvestments,netReceivables,longTermDebt,inventory,accountsPayable,totalPermanentEquity,additionalPaidInCapital,commonStockTotalEquity,preferredStockTotalEquity,retainedEarningsTotalEquity,treasuryStock,accumulatedAmortization,otherNonCurrrentAssets,deferredLongTermAssetCharges,totalNonCurrentAssets,capitalLeaseObligations,totalLongTermDebt,otherNonCurrentLiabilities,totalNonCurrentLiabilities,negativeGoodwill,warrants,preferredStockRedeemable,capitalSurplus,liabilitiesAndShareholderEquity,cashAndShortTermInvestments,accumulatedDepreciation,commonStockSharesOutstanding,reportedCurrency,investments,changeInLiabilities,cashflowFromInvestment,otherCashflowFromInvestment,netBorrowings,cashflowFromFinancing,otherCashflowFromFinancing,changeInOperatingActivities,netIncome_y,changeInCash,operatingCashflow,otherOperatingCashflow,depreciation,dividendPayout,stockSaleAndPurchase,changeInInventory,changeInAccountReceivables,changeInNetIncome,capitalExpenditures,changeInReceivables,changeInExchangeRate,changeInCashAndCashEquivalents,clossingVal,nextClossingVal
0,2020-06-30,USD,768352000,356866000,461071000,307281000,-46179000,-84448000,128857000,None,-83769000,None,241109000,16506000,-62685000,-13100000,37590000,679000,None,-37590000,None,None,None,679000,16506000,None,-84448000,-84448000,None,USD,6449788000,106990000,None,165014000,2426730000,4023058000,14192000,67303000,23000,-1224861000,14192000,1984907000,58788000,2045474000,387445000,196669000,196669000,1525000,195747000,3903934000,None,1931161000,1491167000,66878000,1810341000,135401000,123473000,None,None,23000,None,-1224861000,None,None,258210000,None,2545854000,237541000,1810341000,214752000,2039285000,None,None,None,5246371000,6449788000,3536641000,None,None,USD,-490383000,-1240000,-518975000,-6905000,43996000,583301000,35001000,-45806000,-84448000,454956000,390630000,17526000,51542000,None,504304000,398552000,3848000,4850000,21687000,3848000,None,454956000,57.61,
1,2020-03-31,USD,1125821000,508651000,761672000,364149000,-134909000,-163273000,134918000,None,-172501000,None,296933000,9593000,-144502000,76800000,37592000,-9228000,-37592000,-37592000,None,None,None,-9228000,-67207000,None,-163273000,-163273000,None,USD,5871740000,112274000,None,150911000,2455979000,3415761000,2433000,55637000,22000,-1140413000,2433000,1984907000,53189000,1567710000,671475000,476284000,476284000,4286000,188032000,3317650000,None,1318580000,993258000,71782000,1565949000,533989000,139554000,None,None,22000,None,-1140413000,None,None,268877000,None,2554090000,236412000,1565949000,216122000,1784504000,None,None,None,4551866000,5871740000,2560968000,None,211000000,USD,291810000,6767000,254341000,-4503000,-259690000,-163102000,4386000,-15559000,-163273000,393229000,301990000,-3832000,51100000,None,92202000,302593000,-5335000,113970000,32966000,-5335000,None,393229000,36.02,57.61
2,2019-12-31,USD,943947000,379267000,609617000,334330000,-61741000,-101210000,125273000,None,-101668000,None,282831000,12033000,-73774000,-28837000,39927000,-458000,-39927000,-39927000,None,None,None,-458000,12033000,None,-101210000,-101210000,None,USD,6131973000,190567000,None,184270000,2696552000,3435421000,12188000,57339000,21000,-977140000,12188000,1984907000,53703000,1141263000,920517000,731588000,731588000,340000,170489000,3510154000,10000000,1259947000,1280989000,67005000,1543402000,836627000,131590000,None,None,21000,None,-977140000,None,None,275856000,None,2621819000,238037000,1543402000,220445000,1776035000,None,None,None,4412200000,6131973000,2422252000,None,206000000,USD,-748598000,6952000,-774970000,-4468000,58988000,80849000,-2590000,3898000,-101210000,-636013000,58108000,6021000,44705000,None,24451000,42726000,9791000,49123000,21904000,9791000,None,-636013000,45.94,36.02
3,2019-09-30,USD,745208000,382719000,399835000,345373000,-39447000,-64649000,123974000,None,-65949000,None,269840000,8999000,-48446000,-11100000,26502000,-1300000,-26502000,-26502000,None,5000,None,-1300000,8994000,None,-64649000,-64649000,None,USD,6075988000,197527000,None,178179000,2624110000,3451878000,13796000,59892000,21000,-875930000,13796000,1984907000,51936000,1791918000,907606000,728396000,728396000,784000,154251000,3458803000,10000000,1269444000,531679000,77674000,1478719000,879353000,119318000,None,None,21000,None,-875930000,None,None,280500000,None,2617185000,241926000,1478719000,223989000,1716504000,None,None,None,4327003000,6075988000,2323597000,None,207000000,USD,142758000,8544000,121094000,-6196000,1223696000,1231707000,-6000,-6842000,-64649000,1056342000,-296459000,4321000,32683000,None,8017000,-326530000,3399000,45773000,15468000,3399000,None,1056342000,29.82,45.94
4,2019-06-30,USD,599578000,379895000,271221000,328357000,-53080000,-71977000,120330000,None,-71977000,None,270272000,9458000,-62538000,-11000000,18897000,0,-18897000,-18897000,None,293000,None,None,9165000,None,-71977000,-71977000,None,USD,4825920000,202824000,None,144597000,1547814000,3278106000,15123000,55874000,21000,-811281000,15123000,1984907000,52769000,766698000,604279000,439856000,439856000,896000,145932000,2219408000,10000000,1090375000,673029000,82261000,716819000,552823000,108549000,None,None,21000,None,-811281000,None,None,272849000,None,2606512000,230387000,716819000,211593000,943535000,None,None,None,4088470000,4825920000,1439727000,None,206000000,USD,110646000,9573000,89518000,-5658000,165835000,185269000,1000,-8643000,-71977000,46478000,-228309000,8598000,28200000,None,19433000,-227669000,-12234000,37200000,15470000,-12234000,None,46478000,46.39,29.82
5,2019-03-31,USD,454104000,354483000,151348000,302756000,-53559000,-67525000,107770000,None,-70025000,None,257361000,9168000,-62727000,-11000000,16466000,-2500000,-16466000,-16466000,None,352000,None,-2500000,8816000,None,-67525000,-67525000,None,USD,4539566000,207933000,None,126356000,1256434000,3283132000,15264000,55666000,21000,-739304000,15264000,1984907000,62939000,736507000,430905000,274019000,274019000,197000,142146000,2039585000,10000000,1090292000,780963000,70605000,707860000,325154000,101220000,None,None,21000,None,-739304000,None,None,164995000,None,2499981000,121966000,707860000,102405000,825529000,None,None,None,4022218000,4539566000,1517470000,None,205000000,USD,125775000,-603000,108304000,-3269000,124303000,137869000,2000,-19180000,-67525000,100659000,-145514000,-9439000,27632000,None,13564000,-162325000,-4650000,71396000,14202000,-4650000,None,100659000,34.74,46.39
6,2018-12-31,USD,365335000,359842000,67472000,297863000,-91757000,-97682000,111195000,0,-106084000,0,213627000,5962000,-97719000,-45740000,14327000,None,None,None,0,80760000,0,-8402000,-73163000,0,-97682000,-97682000,None,USD,4291116000,215904000,None,108861000,1023937000,3267179000,37419000,35820000,21000,-671779000,37419000,1984907000,52435000,651058000,287498000,149718000,None,-905000,135172000,1892698000,10000000,1066368000,903867000,66083000,699020000,162829000,101960000,None,None,21000,None,-671779000,None,None,62435000,None,2398418000,None,699020000,None,736439000,None,None,None,3939842000,4291116000,1554925000,None,198000000,USD,98197000,11478000,19185000,-57440000,92508000,95956000,-2003000,-17163000,-97682000,16448000,-98693000,-30445000,29631000,None,5451000,-119572000,438000,107459000,21572000,438000,None,16448000,31.58,34.74
7,2018-09-30,USD,343094000,316719000,36672000,306422000,-2524000,-492000,105314000,0,-15192000,0,199477000,7773000,-10297000,10000000,12668000,None,None,None,0,1928000,0,-14700000,-16823000,0,-492000,-492000,None,USD,4202457000,290887000,None,42107000,883438000,3319019000,39910000,38525000,20000,-574097000,39910000,1931076000,51479000,643792000,153190000,24674000,None,-1661000,124281000,1794734000,10000000,1097056000,999241000,66337000,690338000,43257000,89991000,None,None,20000,None,-574097000,None,None,61479000,None,2407723000,None,690338000,None,730248000,None,None,None,3894757000,4202457000,1643033000,None,202000000,USD,-529460000,4031000,-548132000,-5402000,359280000,734591000,-1000,-7455000,-492000,215950000,29491000,7599000,30193000,None,375312000,-37591000,-3659000,29410000,13270000,-3659000,None,215950000,44.25,31.58
8,2018-06-30,USD,325246000,288294000,25527000,299719000,-6506000,-3093000,100376000,0,-13693000,0,208306000,3089000,-9595000,-21020000,7187000,None,None,None,0,632000,0,-10600000,-4730000,0,-3093000,-3093000,None,USD,3426173000,299228000,None,38169000,572492000,2853681000,54824000,38542000,20000,-573605000,54824000,1931076000,60123000,431045000,123248000,394420000,394420000,-1275000,118242000,1007504000,10000000,623377000,468541000,64083000,394420000,5666000,84706000,0,0,20000,0,-573605000,0,None,70123000,None,2418669000,None,394420000,None,449244000,None,None,None,3428541000,3426173000,899586000,None,194000000,USD,-42360000,-966000,-61460000,-3679000,388694000,46712000,-38000,-2475000,-3093000,33652000,48400000,8555000,30449000,0,46750000,-5666000,-9440000,28561000,15421000,-9440000,None,33652000,59.06,44.25
9,2018-03-31,USD,299879000,264775000,23919000,275960000,-8918000,-18591000,93933000,0,-15991000,0,193364000,2446000,-11364000,-22549000,7073000,None,None,None,0,27000,0,2600000,-4654000,0,-18591000,-18591000,None,USD,3344137000,307919000,None,44703000,575696000,2768441000,65375000,37723000,20000,-570512000,65375000,1931076000,58067000,397393000,120697000,389624000,389624000,-1454000,114828000,922247000,10000000,529446000,425593000,54558000,389624000,0,82974000,0,0,20000,0,-570512000,0,None,68067000,None,2421890000,None,389624000,None,454999000,None,None,None,3340387000,3344137000,822986000,None,191000000,USD,-15343000,1941000,-32232000,-1098000,388694000,52878000,-28000,-34473000,-18591000,45298000,24652000,-25157000,31477000,0,52906000,-5666000,105000,34877000,15791000,105000,None,45298000,53.8,59.06
10,2017-12-31,USD,282330000,2472920000,18372000,991591000,-134024000,-103626000,193000000,0,-193253000,0,222508000,None,12871000,0,6991000,None,None,None,0,171649000,0,-89627000,-196595000,0,-110334000,-103626000,None,USD,3230517000,319711000,None,24590000,569694000,2660823000,65891000,34318000,20000,-592243000,65891000,1931076000,2276721000,352095000,118387000,385416000,385416000,-1100000,112271000,841525000,20000000,410036000,410444000,54396000,385416000,0,84069000,0,0,20000,0,-592243000,0,None,25934000,None,2388992000,None,385416000,None,451307000,None,None,None,3254146000,3230517000,762539000,None,186000000,USD,-157805000,2260000,-247394000,0,481202000,97706000,-31414000,24859000,-94420000,108503000,258191000,None,70106000,0,0,-162829000,-21203000,218528000,66728000,None,None,None,40.92,53.8
11,2017-09-30,USD,281839000,244941000,22152000,259687000,16153000,9206000,83389000,0,9247000,0,161334000,1407000,14746000,0,6906000,None,None,None,0,218000,0,41000,0,0,9206000,9206000,None,USD,3340701000,505696000,None,30014000,651709000,2688992000,152159000,32990000,20000,-515066000,152159000,1931260000,2465015000,319942000,118755000,380795000,380795000,-345000,110741000,764945000,None,252036000,361038000,53951000,380795000,0,85765000,0,0,20000,0,-515066000,0,None,28059000,None,2575756000,None,380795000,None,532954000,None,None,None,3204383000,3340701000,680980000,None,196000000,USD,-38549000,14781000,-66259000,-7738000,None,17705000,-42000,22982000,9206000,43477000,92031000,11601000,32030000,0,17747000,0,19272000,32536000,19972000,-8123000,None,43477000,40.21,40.92
12,2017-06-30,USD,266850000,263148000,20260000,246590000,-14948000,-21845000,78541000,0,-21845000,0,184564000,1610000,-16558000,0,6897000,None,None,None,0,43000,0,0,0,0,-21845000,-21845000,None,USD,3260085000,514513000,None,39979000,629582000,2630503000,150793000,32660000,19000,-524274000,150793000,1927450000,2470458000,276465000,102530000,376259000,376259000,-444000,103004000,686623000,None,188540000,322463000,47716000,376259000,0,69870000,0,0,19000,0,-524274000,0,None,28495000,None,2573462000,None,376259000,None,527052000,None,None,None,3155202000,3260085000,598928000,None,185000000,USD,-35271000,-7246000,-54192000,-1476000,None,51199000,-58000,-16098000,-21845000,14941000,17934000,-9022000,31677000,0,51257000,0,11149000,33460000,17445000,-9090000,None,14941000,49.01,40.21
13,2017-03-31,USD,245775000,224379000,20232000,225543000,2117000,-4606000,72868000,0,-4606000,0,151406000,953000,1164000,0,6723000,None,None,None,0,105000,0,0,0,0,-4606000,-4606000,None,USD,3197094000,525771000,None,29559000,628108000,2568986000,149530000,32326000,18000,-502429000,149530000,1927450000,2471678000,261524000,106821000,371757000,371757000,-267000,94945000,630471000,None,115765000,297520000,41868000,371757000,0,74495000,0,0,18000,0,-502429000,0,None,18457000,None,2566623000,None,371757000,None,521287000,None,None,None,3071664000,3197094000,559044000,None,183000000,USD,-34901000,8873000,-59795000,-10731000,None,10769000,-237000,4737000,-4606000,17932000,66958000,4927000,31711000,0,11006000,0,2059000,28112000,14163000,-2059000,None,17932000,33.67,49.01
14,2016-12-31,USD,227612000,880471000,15097000,777327000,1293206000,-227245000,170100000,0,-227115000,0,183532000,None,3245000,0,2668000,None,None,None,0,-15181000,0,1494000,-186426000,0,1112502000,-227245000,None,USD,3149677000,527464000,None,34817000,616090000,2533587000,151444000,30501000,18000,-497043000,151444000,1923480000,2469583000,243592000,97242000,367404000,367404000,-242000,98288000,581806000,10000000,82643000,262870000,40527000,367404000,0,66741000,0,0,18000,0,-497043000,0,None,18639000,None,2567871000,None,367404000,None,518848000,None,None,None,3030854000,3149677000,506462000,None,180000000,USD,19122000,8650000,-65719000,0,77549000,71528000,-36616000,-4250000,-220438000,14454000,8645000,None,60530000,0,0,-162829000,-13324000,136534000,62060000,None,None,None,36.47,33.67
15,2016-09-30,USD,224592000,198497000,18254000,206338000,8402000,6807000,69171000,0,6807000,0,130484000,561000,7841000,-1251000,1595000,None,None,None,0,93000,0,0,0,0,6807000,6807000,None,USD,3064504000,537177000,None,17238000,472798000,2591706000,148504000,28241000,18000,-473552000,148504000,1923480000,2468677000,190760000,94294000,None,None,198000,94045000,501782000,None,131049000,253845000,39939000,230000000,0,66053000,0,0,18000,0,-473552000,0,None,8020000,None,2562722000,None,230000000,None,378504000,None,None,None,3065042000,3064504000,444605000,None,190000000,USD,10546000,-19707000,-7061000,-5268000,None,12518000,-206000,None,6807000,35550000,30093000,-2934000,25858000,0,12724000,0,11770000,25231000,12339000,-5162000,None,35550000,34.65,36.47
16,2016-06-30,USD,208403000,346513000,17220000,191183000,-154577000,-156149000,67421000,0,-156149000,0,278888000,753000,-155330000,0,1572000,None,None,None,0,204000,0,1364000,0,0,-156149000,-156149000,None,USD,3037101000,539965000,None,15728000,494329000,2542772000,147541000,26866000,18000,-480359000,147541000,1919777000,2466937000,155210000,116788000,None,None,377000,98799000,471365000,None,83030000,264933000,35494000,230000000,0,89922000,0,0,18000,0,-480359000,0,None,7195000,None,2565736000,None,230000000,None,377541000,None,None,None,3022736000,3037101000,420143000,None,179000000,USD,16116000,19206000,-3672000,-1607000,None,5886000,-169000,None,-156149000,-77233000,-79447000,5742000,25928000,0,6055000,0,6608000,29664000,18181000,-3838000,None,-77233000,36.28,34.65
17,2016-03-31,USD,185982000,217607000,16452000,169530000,-47396000,-47605000,64417000,0,-48969000,0,152597000,681000,-48077000,0,1573000,None,None,None,0,593000,0,-1364000,0,0,-47605000,-47605000,None,USD,3135253000,549267000,None,21006000,473798000,2661455000,146232000,25952000,18000,-324210000,146232000,1919777000,2475477000,232443000,97566000,None,None,169000,92839000,566937000,None,192411000,281218000,32270000,230000000,0,71614000,0,0,18000,0,-324210000,0,None,6433000,None,2568316000,None,230000000,None,376232000,None,None,None,2985478000,3135253000,513661000,None,179000000,USD,10143000,13691000,-17178000,-12109000,77549000,1565000,-117000,2708000,-47605000,3305000,18918000,2701000,24237000,0,1682000,0,2770000,28664000,15212000,-2770000,None,3305000,23.73,36.28
18,2015-12-31,USD,169370000,737713000,11635000,584550000,-65724000,-122825000,163800000,0,-27512000,0,161653000,None,-65358000,0,1589000,None,None,None,0,46714000,0,-1792000,-60483000,0,-122825000,-122825000,None,USD,3135700000,554765000,None,24016000,456647000,2679053000,146225000,22622000,18000,-276605000,146225000,1909167000,2471967000,229138000,80422000,230000000,230000000,-471000,89639000,574094000,None,215121000,291151000,29789000,230000000,0,57800000,0,0,18000,0,-276605000,0,None,8035000,None,2561606000,None,230000000,None,376225000,None,None,None,2956111000,3135700000,520289000,None,170000000,USD,36045000,-13592000,64441000,14163000,77549000,16273000,-36616000,-24130000,-148874000,103373000,22659000,None,51497000,0,0,-162829000,-1051000,134920000,54981000,None,None,None,23.48,23.73
19,2015-09-30,USD,176765000,0,13274000,0,-27312000,12672000,1978000,0,-126007000,0,162029000,None,9913000,0,1590000,None,None,None,0,5413000,0,-2853000,0,0,-26049000,-26049000,None,USD,3162449000,2473360000,None,25205000,489008000,2673441000,0,100859000,18000,-250885000,152025000,1909820000,2481172000,233539000,106983000,None,None,270000,85745000,595532000,None,200081000,303220000,33568000,230000000,0,6124000,0,0,0,0,0,0,None,None,None,None,None,None,None,None,None,None,None,None,None,None,None,177000000,USD,19132000,-3515000,58632000,6693000,77549000,10554000,-7434000,-645000,-123154000,-68733000,38588000,None,0,0,0,0,4009000,31553000,42391000,None,None,None,27.0,23.48
