,fiscalDateEnding,reportedCurrency_x,totalRevenue,totalOperatingExpense,costOfRevenue,grossProfit,ebit,netIncome_x,researchAndDevelopment,effectOfAccountingCharges,incomeBeforeTax,minorityInterest,sellingGeneralAdministrative,otherNonOperatingIncome,operatingIncome,otherOperatingExpense,interestExpense,taxProvision,interestIncome,netInterestIncome,extraordinaryItems,nonRecurring,otherItems,incomeTaxExpense,totalOtherIncomeExpense,discontinuedOperations,netIncomeFromContinuingOperations,netIncomeApplicableToCommonShares,preferredStockAndOtherAdjustments,reportedCurrency_y,totalAssets,intangibleAssets,earningAssets,otherCurrentAssets,totalLiabilities,totalShareholderEquity,deferredLongTermLiabilities,otherCurrentLiabilities,commonStock,retainedEarnings,otherLiabilities,goodwill,otherAssets,cash,totalCurrentLiabilities,shortTermDebt,currentLongTermDebt,otherShareholderEquity,propertyPlantEquipment,totalCurrentAssets,longTermInvestments,netTangibleAssets,shortTermInvestments,netReceivables,longTermDebt,inventory,accountsPayable,totalPermanentEquity,additionalPaidInCapital,commonStockTotalEquity,preferredStockTotalEquity,retainedEarningsTotalEquity,treasuryStock,accumulatedAmortization,otherNonCurrrentAssets,deferredLongTermAssetCharges,totalNonCurrentAssets,capitalLeaseObligations,totalLongTermDebt,otherNonCurrentLiabilities,totalNonCurrentLiabilities,negativeGoodwill,warrants,preferredStockRedeemable,capitalSurplus,liabilitiesAndShareholderEquity,cashAndShortTermInvestments,accumulatedDepreciation,commonStockSharesOutstanding,reportedCurrency,investments,changeInLiabilities,cashflowFromInvestment,otherCashflowFromInvestment,netBorrowings,cashflowFromFinancing,otherCashflowFromFinancing,changeInOperatingActivities,netIncome_y,changeInCash,operatingCashflow,otherOperatingCashflow,depreciation,dividendPayout,stockSaleAndPurchase,changeInInventory,changeInAccountReceivables,changeInNetIncome,capitalExpenditures,changeInReceivables,changeInExchangeRate,changeInCashAndCashEquivalents,clossingVal,nextClossingVal
0,2020-06-30,USD,248296000,7485000,196237000,52059000,-7511000,-6454000,None,None,-9402000,None,54617000,-26000,-7485000,-47132000,1891000,-2948000,None,-1891000,None,None,None,-2948000,-26000,None,-6454000,-6454000,None,USD,643135000,28623000,None,69388000,343197000,299938000,10068000,5994000,131803000,173020000,22554000,3423000,16675000,7105000,94445000,None,None,-4885000,150628000,415210000,None,299938000,None,146293000,196946000,269721000,88451000,None,None,131803000,None,173020000,None,None,16675000,None,150628000,28733000,196946000,41738000,248752000,None,None,None,None,643135000,7105000,-268422000,None,USD,-1348000,-8197000,-1348000,600000,-12106000,-12328000,None,-9927000,-6454000,1821000,15497000,14604000,5014000,-222000,0,-2167000,36164000,2333000,1948000,None,None,1821000,11.75,
1,2020-03-31,USD,354380000,-3051000,282522000,71858000,3034000,593000,None,None,795000,None,63894000,-17000,3051000,-66945000,2239000,202000,-2239000,-2239000,None,None,None,202000,-17000,None,593000,593000,None,USD,677967000,28940000,None,68883000,371575000,306392000,12127000,30284000,132006000,179695000,28091000,3423000,14569000,5284000,110243000,None,None,-4829000,155895000,444984000,None,306392000,None,180351000,209052000,267554000,104148000,None,None,132006000,None,179695000,-480000,None,14569000,None,155895000,30284000,209052000,15964000,237143000,None,None,None,None,677967000,5284000,None,11000000,USD,-4235000,10283000,-4235000,None,16127000,15762000,None,-1024000,593000,-458000,-11985000,-18050000,5042000,-220000,-145000,5977000,-32210000,430000,4235000,None,None,-458000,10.35,11.75
2,2019-12-31,USD,319740000,-1015000,251130000,68610000,1016000,-890000,None,None,-1288000,None,62774000,1000,1015000,-63789000,2304000,-398000,-2304000,-2304000,None,None,None,-398000,1000,None,-890000,-890000,None,USD,649555000,29259000,None,6997000,341203000,308352000,None,26450000,131647000,179321000,23288000,3423000,14439000,5742000,101087000,192925000,None,-2281000,156247000,419842000,None,275670000,None,133572000,192925000,273531000,121828000,None,None,131647000,None,179321000,-335000,None,40784000,None,229713000,26450000,193368000,14068000,240116000,None,None,None,None,649555000,5742000,-260264000,10996000,USD,-2651000,-21491000,-2651000,35000,-30078000,-30298000,-100000,4353000,-890000,-2746000,30203000,25879000,4951000,-220000,0,9615000,34465000,263000,2686000,None,None,-2746000,17.92,10.35
3,2019-09-30,USD,384230000,-3581000,311104000,73126000,3593000,591000,None,None,1024000,None,64903000,12000,3581000,-68484000,2569000,433000,-2569000,-2569000,None,None,None,433000,12000,None,591000,591000,None,USD,698743000,29576000,None,67137000,390095000,308648000,12904000,5742000,132676000,180432000,23460000,3423000,13891000,8488000,117628000,None,None,-2806000,158044000,465945000,None,308648000,None,181928000,223004000,283146000,111886000,None,None,132676000,None,180432000,-1654000,None,13891000,None,158044000,27953000,223004000,36559000,272467000,None,None,None,None,698743000,8488000,-255996000,11000000,USD,-3191000,12350000,-3191000,-133000,-41641000,-41862000,-100000,5856000,591000,2115000,47168000,38745000,4771000,-220000,-1000,5080000,17011000,-10920000,3058000,None,None,2115000,14.4,17.92
4,2019-06-30,USD,429151000,-5940000,351494000,77657000,5881000,2081000,None,None,2707000,None,66900000,-59000,5940000,-72840000,3174000,626000,-3174000,-3174000,None,None,None,626000,-59000,None,2081000,2081000,None,USD,724405000,29873000,None,9973000,415942000,308463000,13055000,5793000,132420000,180061000,24768000,3256000,13416000,6373000,103121000,264649000,3196000,-2365000,159211000,489577000,None,275334000,None,198464000,264649000,288183000,109103000,None,None,132420000,None,180061000,-1653000,None,29072000,None,221412000,29135000,264974000,23342000,36397000,None,None,None,None,724405000,6373000,-251784000,11000000,USD,-1793000,-33405000,-1793000,229000,-48623000,-50299000,-100000,6779000,2081000,1260000,53352000,47467000,4947000,-219000,-1457000,54693000,19400000,5885000,2022000,None,None,1260000,13.65,14.4
5,2019-03-31,USD,445919000,-6074000,391993000,53926000,6088000,2074000,None,None,2846000,None,68713000,14000,6074000,-74787000,3242000,772000,-3242000,-3242000,None,None,None,772000,14000,None,2074000,2074000,None,USD,799362000,30192000,None,39992000,490162000,309200000,None,30138000,132275000,178199000,22860000,3264000,11770000,5113000,129705000,5861000,5861000,-1078000,161707000,562323000,None,275744000,None,204448000,313269000,342876000,146755000,None,None,132275000,None,178199000,-196000,None,11770000,None,206933000,30138000,313269000,10225000,313269000,None,None,None,None,799362000,5113000,-248346000,11000000,USD,-13394000,8895000,-13394000,-10995000,10737000,10353000,-100000,-14511000,2074000,-4206000,-1165000,-7903000,4879000,-220000,-64000,26448000,-28735000,6738000,2399000,None,None,-4206000,15.87,13.65
6,2018-12-31,USD,429590000,-1774000,356754000,72836000,1589000,-1317000,0,0,-1513000,0,66311000,-185000,1774000,-68085000,3102000,None,None,None,0,0,0,-196000,-3287000,0,-1317000,-1317000,None,USD,760740000,24914000,None,9460000,453749000,306991000,None,21000,130778000,176345000,22792000,2358000,11090000,9319000,128427000,302530000,None,None,159609000,562769000,None,279719000,None,175231000,302530000,368738000,151219000,None,None,130778000,None,176345000,-132000,None,11090000,None,197971000,None,302530000,None,None,None,None,None,None,760740000,9319000,-244176000,11000000,USD,None,-34028000,-5303000,46000,-1956000,-2277000,-101000,9147000,-1317000,5052000,12632000,10749000,4751000,-220000,None,-2540000,38170000,1883000,5349000,None,None,5052000,14.27,15.87
7,2018-09-30,USD,456976000,-18614000,365362000,91614000,18631000,11599000,0,0,15708000,0,68800000,17000,18614000,-87414000,2923000,None,None,None,0,0,0,4109000,-2906000,0,11599000,11599000,None,USD,789267000,25161000,None,32738000,480920000,308347000,14718000,30860000,130597000,177882000,27442000,2358000,13980000,4267000,148994000,304484000,None,None,158662000,589106000,None,308347000,0,227402000,304484000,366198000,161718000,0,0,130597000,0,177882000,-132000,None,None,None,158662000,None,None,None,14718000,None,None,None,None,789267000,4267000,None,11000000,USD,None,-4258000,-6571000,20000,6807000,6587000,-101000,-2557000,11599000,-1234000,-1250000,-17595000,4314000,-220000,0,-2603000,-8177000,16345000,6591000,None,None,-1234000,20.87,14.27
8,2018-06-30,USD,452917000,-24319000,356061000,96856000,24226000,15848000,0,0,21556000,0,68126000,-93000,24319000,-92445000,2670000,None,None,None,0,0,0,5708000,-2763000,0,15848000,15848000,None,USD,778956000,27766000,None,6023000,482168000,296788000,0,30921000,130417000,166503000,26460000,2358000,13318000,5501000,158034000,297674000,297674000,None,157508000,580364000,None,269022000,0,205245000,297674000,363595000,172596000,0,0,130417000,0,166503000,-132000,None,13318000,None,198592000,None,297674000,11898000,309572000,None,None,None,None,778956000,5501000,-236962000,11000000,USD,None,7155000,-27929000,-21897000,48717000,48446000,-51000,5453000,15848000,2089000,-18428000,-41017000,4528000,-220000,0,-29802000,-23823000,22589000,6032000,None,None,2089000,20.41,20.87
9,2018-03-31,USD,375598000,-12345000,294777000,80821000,12299000,7629000,0,0,10313000,0,64230000,-46000,12345000,-76575000,1986000,None,None,None,0,0,0,2684000,-2032000,0,7629000,7629000,None,USD,690879000,22758000,None,6448000,409864000,281015000,0,278000,130379000,150875000,24042000,0,13114000,3412000,136867000,248955000,248955000,None,151310000,503697000,None,258257000,0,174813000,248955000,319024000,160909000,0,0,130379000,0,150875000,-239000,None,13114000,None,187182000,None,None,None,None,None,None,None,None,690879000,3412000,-232908000,11000000,USD,None,34029000,-7693000,50000,51790000,51551000,-19000,-4764000,7629000,403000,-43455000,-56528000,4357000,-220000,0,-43717000,-42076000,13073000,7743000,None,None,403000,20.51,20.41
10,2017-12-31,USD,308166000,61784000,248366000,59800000,-2026000,4187000,0,0,-4164000,0,57489000,-42000,-1984000,4295000,2138000,None,None,None,0,0,0,-8351000,-7636000,0,4187000,4187000,None,USD,604158000,22980000,None,9083000,331575000,272583000,0,26183000,129453000,143467000,12048000,0,36374000,3009000,111147000,930000,930000,None,147648000,420136000,None,249603000,0,132737000,196235000,275307000,122362000,272583000,0,129453000,0,143467000,-337000,None,13394000,None,184022000,None,196235000,12048000,208283000,None,None,None,None,604158000,3009000,-229062000,10989000,USD,None,7146000,-3513000,177000,-24173000,-25236000,-844000,1925000,4187000,-1148000,27601000,27636000,4715000,-220000,1000,-20781000,-30835000,-35000,3690000,None,None,-1148000,21.49,20.51
11,2017-09-30,USD,331442000,60805000,265351000,66091000,5264000,2280000,0,0,3298000,0,56699000,-22000,5286000,4106000,1966000,None,None,None,0,0,0,1018000,0,0,2280000,2280000,None,USD,624898000,23202000,None,29556000,356436000,268462000,20176000,23250000,129490000,139499000,11482000,0,35372000,4157000,104369000,221339000,930000,None,148100000,441426000,None,268462000,0,162862000,220409000,280223000,114921000,0,0,129490000,0,139499000,-527000,None,None,None,148100000,None,None,None,20176000,None,None,None,None,624898000,4157000,None,11000000,USD,None,368000,-1272000,729000,9681000,9462000,-844000,1215000,2280000,31000,-8159000,-13515000,4335000,-219000,0,25697000,48790000,5356000,2001000,None,None,31000,22.0,21.49
12,2017-06-30,USD,356195000,63521000,283041000,73154000,9605000,4797000,0,0,7817000,0,58980000,-28000,9633000,4541000,1788000,None,None,None,0,0,0,3020000,0,0,4797000,4797000,None,USD,618209000,23424000,None,7189000,351947000,266262000,21728000,23946000,129392000,137438000,10781000,0,35285000,4126000,108710000,930000,211658000,None,150667000,432257000,None,242838000,0,158202000,210728000,262740000,107780000,0,0,129392000,0,137438000,-568000,None,11861000,None,185952000,None,210728000,10781000,243237000,None,None,None,None,618209000,4126000,-225141000,11000000,USD,None,4710000,-2402000,1000,16861000,16515000,-125000,-3508000,4797000,1322000,-12791000,-22815000,4771000,-220000,-1000,8214000,56300000,10024000,2403000,None,None,1322000,19.48,22.0
13,2017-03-31,USD,334893000,65388000,258454000,76439000,11025000,7699000,0,0,9399000,0,60852000,-26000,11051000,4536000,1626000,None,None,None,0,0,0,1700000,0,0,7699000,7699000,None,USD,599069000,23646000,None,4088000,337534000,261535000,21731000,23752000,129285000,132859000,10044000,0,35279000,2804000,112788000,1825000,1825000,None,153427000,410363000,None,237889000,0,140281000,192971000,263190000,110963000,0,0,129285000,0,132859000,-609000,None,11633000,None,188706000,None,192971000,10044000,224746000,None,None,None,None,599069000,2804000,-222511000,11000000,USD,None,7889000,-1982000,84000,28372000,28163000,None,3057000,7699000,489000,-25692000,-37079000,4766000,-219000,10000,8664000,38379000,11387000,2066000,None,None,489000,18.56,19.48
14,2016-12-31,USD,254904000,54062000,203495000,51409000,-2666000,-2104000,0,0,-4044000,0,49475000,-13000,-2653000,4587000,1378000,None,None,None,0,0,0,-1940000,-5328000,0,-2104000,-2104000,None,USD,556068000,23869000,None,30066000,302678000,253390000,23119000,23615000,128619000,125380000,10062000,0,35362000,2315000,104898000,166424000,1825000,None,155766000,364940000,None,253390000,0,113395000,164599000,254526000,103073000,253390000,0,128619000,0,125380000,-609000,None,None,None,155766000,None,None,10062000,33181000,None,None,None,None,556068000,2315000,-218476000,10963000,USD,None,28703000,-1274000,215000,1083000,869000,6000,1704000,-2104000,-530000,-125000,-565000,4816000,-220000,0,-47881000,-9025000,440000,1489000,None,None,-530000,24.23,18.56
15,2016-09-30,USD,268255000,57191000,211037000,57218000,48000,-1757000,0,0,-1288000,0,52796000,21000,27000,4395000,1336000,None,None,None,0,0,0,469000,0,0,-1757000,-1757000,None,USD,549967000,24091000,None,30316000,294400000,255567000,0,23943000,128563000,127703000,14668000,0,40446000,2845000,90847000,165341000,1825000,None,158642000,350879000,None,255567000,0,127344000,163516000,230820000,129059000,0,0,128563000,0,127703000,-699000,None,None,None,158642000,None,None,None,None,None,None,None,None,549967000,2845000,-214943000,11000000,USD,None,14651000,-1737000,1000,21032000,20813000,None,3397000,-1757000,-1145000,-20221000,-23123000,4625000,-219000,0,24175000,18112000,2902000,1738000,None,None,-1145000,22.1,24.23
16,2016-06-30,USD,273608000,59581000,205688000,67920000,8281000,3550000,0,0,7007000,0,54809000,-58000,8339000,4772000,1274000,None,None,None,0,0,0,3457000,0,0,3550000,3550000,None,USD,538135000,24313000,None,31550000,280767000,257368000,0,24267000,128387000,129680000,15250000,0,41648000,3990000,97322000,1825000,1825000,None,161076000,335411000,None,257368000,0,130735000,142484000,210784000,121208000,0,0,128387000,0,129680000,-699000,None,None,None,161076000,None,142484000,15250000,157734000,None,None,None,None,538135000,3990000,None,11000000,USD,None,21127000,-2201000,0,-3594000,-3927000,-114000,-2824000,3550000,1560000,7688000,-2400000,5001000,-219000,0,4139000,20523000,10088000,2201000,None,None,1560000,27.31,22.1
17,2016-03-31,USD,258349000,58494000,199820000,58529000,30000,-767000,0,0,-1255000,0,53763000,-5000,35000,4731000,1285000,None,None,None,0,0,0,-488000,0,0,-767000,-767000,None,USD,517645000,24535000,None,7847000,263068000,254577000,23443000,22891000,128949000,126350000,12792000,0,39427000,2430000,81619000,2690000,None,-23000,163425000,314793000,None,230042000,0,114702000,145214000,189814000,78929000,0,0,128949000,0,126350000,-699000,None,14892000,None,202852000,None,145214000,12792000,181449000,None,None,None,None,517645000,2430000,-208461000,11000000,USD,None,4561000,-1236000,160000,-587000,-783000,23000,None,-767000,826000,2845000,-495000,4960000,-219000,0,16831000,0,3340000,1396000,None,None,826000,17.31,27.31
18,2015-12-31,USD,237505000,173013000,624609000,-387104000,-560101000,-4988000,0,0,-8414000,0,158507000,16000,-560117000,14006000,1251000,None,None,None,0,500000,0,-3426000,-30766000,0,-4988000,-4988000,None,USD,513470000,24757000,None,7820000,258775000,254695000,24496000,18685000,128129000,127335000,11419000,0,37986000,1604000,77060000,2690000,2690000,-70000,166538000,308946000,None,229938000,0,92877000,145800000,206645000,74370000,254695000,254695000,128129000,254695000,127335000,-699000,None,13229000,None,204524000,None,145800000,11419000,181715000,None,None,None,None,513470000,1604000,None,10989000,USD,None,-21923000,-1300000,0,-39380000,-40284000,14000,-18347000,-4988000,-3436000,38148000,95696000,4971000,-219000,-713000,104463000,30927000,1943000,1300000,None,None,-3436000,11.58,17.31
19,2015-09-30,USD,276922000,-58297000,-218172000,495094000,553307000,-598000,0,0,-1036000,0,-53665000,-84000,553391000,-4632000,1405000,None,None,None,0,0,0,-438000,0,0,-598000,-598000,None,USD,564998000,24980000,None,7753000,304993000,260005000,23655000,25331000,128033000,132542000,10742000,500000,38246000,5040000,85416000,2690000,None,-570000,169773000,356979000,None,234525000,0,115155000,185180000,229031000,82726000,0,0,128033000,0,132542000,0,None,20519000,None,215772000,None,185180000,10742000,219577000,None,None,None,None,564998000,5040000,-201136000,11000000,USD,None,-31235000,-1784000,0,-24215000,-24560000,-111000,None,-598000,-1886000,24458000,-38446000,4850000,-220000,0,82077000,8649000,3413000,1784000,8649000,None,-1886000,9.95,11.58
