,fiscalDateEnding,reportedCurrency_x,totalRevenue,totalOperatingExpense,costOfRevenue,grossProfit,ebit,netIncome_x,researchAndDevelopment,effectOfAccountingCharges,incomeBeforeTax,minorityInterest,sellingGeneralAdministrative,otherNonOperatingIncome,operatingIncome,otherOperatingExpense,interestExpense,taxProvision,interestIncome,netInterestIncome,extraordinaryItems,nonRecurring,otherItems,incomeTaxExpense,totalOtherIncomeExpense,discontinuedOperations,netIncomeFromContinuingOperations,netIncomeApplicableToCommonShares,preferredStockAndOtherAdjustments,reportedCurrency_y,totalAssets,intangibleAssets,earningAssets,otherCurrentAssets,totalLiabilities,totalShareholderEquity,deferredLongTermLiabilities,otherCurrentLiabilities,commonStock,retainedEarnings,otherLiabilities,goodwill,otherAssets,cash,totalCurrentLiabilities,shortTermDebt,currentLongTermDebt,otherShareholderEquity,propertyPlantEquipment,totalCurrentAssets,longTermInvestments,netTangibleAssets,shortTermInvestments,netReceivables,longTermDebt,inventory,accountsPayable,totalPermanentEquity,additionalPaidInCapital,commonStockTotalEquity,preferredStockTotalEquity,retainedEarningsTotalEquity,treasuryStock,accumulatedAmortization,otherNonCurrrentAssets,deferredLongTermAssetCharges,totalNonCurrentAssets,capitalLeaseObligations,totalLongTermDebt,otherNonCurrentLiabilities,totalNonCurrentLiabilities,negativeGoodwill,warrants,preferredStockRedeemable,capitalSurplus,liabilitiesAndShareholderEquity,cashAndShortTermInvestments,accumulatedDepreciation,commonStockSharesOutstanding,reportedCurrency,investments,changeInLiabilities,cashflowFromInvestment,otherCashflowFromInvestment,netBorrowings,cashflowFromFinancing,otherCashflowFromFinancing,changeInOperatingActivities,netIncome_y,changeInCash,operatingCashflow,otherOperatingCashflow,depreciation,dividendPayout,stockSaleAndPurchase,changeInInventory,changeInAccountReceivables,changeInNetIncome,capitalExpenditures,changeInReceivables,changeInExchangeRate,changeInCashAndCashEquivalents,clossingVal,nextClossingVal
0,2020-06-30,USD,53337000,25036000,28258000,25079000,36000,-1902000,5820000,None,-2472000,None,19216000,-7000,43000,None,2508000,-570000,None,-2508000,None,None,None,-570000,-7000,None,-1902000,-4120000,None,USD,410939000,140089000,None,5612000,263597000,36368000,12308000,45085000,782000,-248299000,1560000,170694000,50075000,14057000,69797000,1850000,1850000,-113292000,8073000,32580000,None,-163441000,None,12911000,183972000,None,22862000,None,None,782000,None,-248299000,None,None,9428000,None,50075000,11881000,183972000,9828000,193800000,None,221948000,None,397177000,410939000,14057000,None,56999711,USD,-4309000,-3135000,-4309000,-4309000,-465000,-2510000,-1465000,-2142000,-1901000,-2106000,4713000,-1466000,8051000,None,-580000,None,None,2905000,4309000,259000,None,-2106000,6.9,
1,2020-03-31,USD,52434000,25415000,26079000,26355000,925000,-853000,5386000,None,-1723000,None,20029000,-15000,940000,None,2648000,-870000,-2663000,-2648000,None,None,None,-870000,-15000,None,-853000,-3082000,None,USD,415300000,142993000,None,4796000,269022000,37522000,12302000,46241000,781000,-244180000,1994000,170377000,49725000,16295000,74209000,1850000,1850000,-112789000,8368000,34128000,None,-167092000,None,13037000,184107000,None,26118000,None,None,781000,None,-244180000,-112083000,None,9709000,37423000,12302000,12536000,184107000,10706000,194813000,None,217512000,None,393710000,415300000,16295000,None,56962705,USD,-5007000,-2775000,-5007000,-5007000,5540000,3466000,-406000,-3488000,-853000,2866000,4407000,1766000,8112000,None,-1668000,None,None,1104000,5007000,-2947000,None,2866000,4.31,6.9
2,2019-12-31,USD,50379000,28885000,24043000,26336000,-2543000,-3079000,5383000,None,-5249000,None,23502000,6000,-2549000,None,2706000,-2170000,-2701000,-2707000,None,None,None,-2170000,6000,None,-3079000,-5169000,None,USD,412721000,145876000,None,4984000,264903000,41291000,11968000,45042000,780000,-240995000,2524000,171209000,48503000,13349000,75024000,1850000,1850000,-110099000,8591000,28414000,None,-169267000,None,10081000,178250000,None,28132000,None,None,780000,None,-240995000,-110298000,None,10128000,36535000,11968000,13390000,178250000,11629000,189879000,None,213054000,None,391605000,412721000,13349000,None,55640397,USD,-3793000,1090000,-3793000,-3793000,1536000,1245000,-430000,-988000,-3079000,3452000,6000000,251000,8434000,None,139000,None,25000,-721000,3793000,25000,None,3452000,6.78,4.31
3,2019-09-30,USD,47833000,46604000,21422000,26411000,7918000,-1597000,5590000,None,-1730000,None,19592000,14000,1229000,None,2973000,-133000,-2959000,-2973000,None,None,None,-133000,14000,None,-1597000,-3687000,None,USD,410526000,149280000,None,4705000,365897000,44629000,11619000,3882000,780000,-235826000,1090000,174357000,42554000,10066000,74059000,1850000,1850000,-68000,19458000,24877000,None,-279008000,None,10106000,176407000,None,12535000,None,None,780000,None,-235826000,-110273000,None,11619000,30935000,385649000,9904000,186311000,1090000,291838000,None,208874000,None,390016000,410526000,10066000,None,55743862,USD,-4669000,1786000,-4669000,-4669000,-969000,-3268000,-2303000,-888000,-1597000,-1257000,6638000,4887000,6675000,None,-67000,None,-1136000,1491000,3324000,-1136000,None,-1299000,7.24,6.78
4,2019-06-30,USD,45916000,47487000,20304000,25612000,5368000,-3706000,5311000,None,-4733000,None,21872000,9000,-1571000,None,3171000,-1027000,-3162000,-3171000,None,None,None,-1027000,9000,None,-3706000,-7077000,None,USD,412433000,152586000,None,4609000,365790000,46643000,10581000,3953000,779000,-232139000,1414000,173398000,41374000,11323000,74891000,1850000,1850000,-110310000,9475000,24902000,None,-176994000,None,8970000,176563000,None,11529000,None,None,779000,None,-232139000,-110206000,None,10581000,30793000,387531000,10575000,187138000,1414000,290899000,None,204694000,None,388313000,412433000,11323000,None,55606829,USD,-14333000,-2857000,-14333000,-14333000,184508000,7283000,-176895000,-1347000,-3706000,-5368000,1730000,-789000,6930000,None,-474000,None,855000,1059000,2794000,855000,None,-5320000,9.09,7.24
5,2019-03-31,USD,29300000,24411000,11139000,18161000,-6158000,-6265000,4147000,None,-7413000,None,20264000,92000,-6250000,None,1255000,-1148000,-1163000,-1255000,None,None,None,-1148000,92000,None,-6265000,-8698000,None,USD,400732000,152012000,None,5253000,249614000,52142000,10174000,42169000,779000,-225062000,1304000,161003000,40062000,16691000,72529000,1765000,1765000,-109780000,7000000,31723000,None,-161897000,None,9779000,166901000,None,28595000,None,None,779000,None,-225062000,-109732000,None,8932000,29888000,10174000,None,166901000,10184000,177085000,None,197952000,None,386205000,400732000,16691000,None,55596180,USD,-273448000,9865000,-273448000,-273448000,-6389000,263480000,174585000,-2754000,-6265000,-10385000,-417000,-6842000,2812000,None,95284000,None,-113000,126000,1742000,-113000,None,-10385000,6.88,9.09
6,2018-12-31,USD,18448000,12462000,3996000,14452000,2082000,9257000,2604000,0,2082000,0,9858000,92000,1990000,0,-1255000,None,None,None,0,0,0,-7175000,75000,0,9257000,9257000,None,USD,104640000,15251000,None,3176000,43693000,60947000,1016000,30622000,779000,-216364000,2555000,13783000,38209000,27109000,41138000,None,None,-108408000,3924000,33473000,None,31913000,None,3188000,None,None,10516000,None,None,779000,None,-216364000,-108392000,None,None,28785000,9424000,None,None,1539000,2555000,None,None,None,384940000,104640000,27109000,None,54186180,USD,None,1895000,-1839000,-1839000,-60000,88000,90000,487000,9256000,3158000,4909000,-878000,1071000,None,148000,None,34000,-6469000,1839000,34000,None,3132000,5.73,6.88
7,2018-09-30,USD,17876000,10789000,3870000,14006000,3400000,2455000,2764000,0,3400000,0,8025000,183000,3217000,0,-1255000,None,None,None,0,0,0,945000,183000,0,2455000,2455000,None,USD,92235000,14640000,None,2826000,41471000,50764000,1054000,29425000,779000,-225620000,3446000,13494000,30018000,23977000,38025000,None,None,-108385000,4058000,30025000,None,22630000,0,3222000,0,0,8600000,0,0,779000,0,-225620000,-108385000,None,None,21371000,8647000,None,None,2392000,3446000,None,None,None,383990000,92235000,23977000,None,54194512,USD,None,1838000,-973000,-973000,175000000,-105000,-195000,-147000,2456000,6281000,7359000,1167000,954000,0,-105000,0,-926000,1870000,973000,-926000,None,6281000,5.55,5.73
8,2018-06-30,USD,17500000,11540000,3806000,13694000,2514000,1840000,2978000,0,2514000,0,8562000,360000,2154000,0,-1255000,None,None,None,0,0,0,674000,360000,0,1840000,1840000,None,USD,85403000,14467000,None,2978000,38086000,47317000,5061000,24082000,778000,-228076000,5061000,13494000,30260000,17696000,33025000,None,None,None,4212000,22970000,None,19356000,0,2296000,0,0,8943000,0,0,778000,0,-228076000,-108347000,None,None,22340000,7920000,None,None,None,5061000,None,None,None,382962000,85403000,17696000,None,54167688,USD,None,783000,-12594000,-13140000,175000000,-2334000,-195000,-51000,1840000,-11573000,3355000,-1068000,935000,0,-2334000,0,-759000,1624000,821000,-759000,None,-11573000,5.39,5.55
9,2018-03-31,USD,16654000,10531000,3514000,13140000,2728000,1892000,2977000,0,2728000,0,7554000,119000,2609000,0,0,None,None,None,0,0,0,836000,-259000,0,1892000,1892000,None,USD,81117000,6442000,None,2668000,34151000,46966000,2542000,26473000,778000,-229916000,2542000,7568000,30213000,29269000,31609000,None,None,None,3843000,33051000,None,32956000,0,1114000,0,0,5136000,0,0,778000,0,-229916000,-105980000,None,None,23119000,7094000,None,None,None,2542000,None,None,None,382084000,81117000,29269000,None,54251627,USD,None,-2849000,-546000,0,None,-4242000,-605000,-1523000,1892000,-3740000,1048000,-555000,746000,0,-3637000,0,275000,1539000,546000,275000,None,-3740000,4.27,5.39
10,2017-12-31,USD,16800000,11522000,3260000,13540000,2126000,-12877000,2933000,0,2126000,0,8589000,108000,2018000,0,0,None,None,None,0,0,0,15003000,-214000,0,-12877000,-12877000,None,USD,81308000,5524000,None,3222000,37788000,43520000,2272000,28363000,778000,-236372000,2270000,8469000,39640000,33009000,35516000,None,None,None,4048000,37620000,None,29527000,0,1389000,0,0,7153000,0,0,778000,0,-236372000,-102343000,None,None,25647000,43688000,None,None,None,2272000,None,None,None,381457000,81308000,33009000,None,54542612,USD,None,610000,-1286000,1000,None,-2685000,-710000,97000,-12876000,249000,4220000,-183000,718000,0,-2685000,0,64000,16105000,1287000,-154000,None,249000,4.38,4.27
11,2017-09-30,USD,16592000,10430000,3272000,13320000,2976000,1906000,2916000,0,2976000,0,7514000,86000,2890000,0,0,None,None,None,0,0,0,1070000,19000,0,1906000,1906000,None,USD,95358000,4828000,None,3039000,37128000,58230000,3142000,28543000,778000,-223496000,3142000,8420000,54149000,32760000,33986000,None,None,None,4175000,37034000,None,44982000,0,1235000,0,0,5443000,0,0,778000,0,-223496000,-99650000,None,None,40901000,58324000,None,None,None,3142000,None,None,None,380598000,95358000,32760000,None,55038288,USD,None,2777000,-2139000,-1651000,None,-1311000,-605000,-397000,1905000,3252000,6702000,-194000,727000,0,-1311000,0,218000,1729000,488000,-242000,None,3252000,4.89,4.38
12,2017-06-30,USD,16378000,10491000,3247000,13131000,2706000,1139000,2708000,0,2706000,0,7783000,66000,2640000,0,0,None,None,None,0,0,0,1567000,-13000,0,1139000,1139000,None,USD,90962000,4934000,None,2845000,34070000,56892000,2876000,25738000,778000,-225401000,2876000,6488000,53308000,29508000,31194000,None,None,None,4308000,33346000,None,45470000,0,993000,0,0,5456000,0,0,778000,0,-225401000,-98269000,None,None,41886000,57616000,None,None,None,2876000,None,None,None,379784000,90962000,29508000,None,55267157,USD,None,-596000,-847000,-44000,None,3782000,-605000,-91000,1139000,6076000,3141000,-253000,721000,0,3782000,0,460000,2113000,803000,17000,None,6076000,5.69,4.89
13,2017-03-31,USD,15893000,10408000,2823000,13070000,2741000,1775000,2423000,0,2741000,0,7985000,79000,2662000,0,0,None,None,None,0,0,0,966000,79000,0,1775000,1775000,None,USD,86565000,10742000,None,2592000,35283000,51282000,2927000,26793000,769000,-226540000,2927000,10742000,55661000,23432000,32356000,None,None,None,3870000,27034000,None,40540000,0,1010000,0,0,5563000,0,0,769000,0,-226540000,-98223000,None,None,44919000,59531000,None,None,None,2927000,None,None,None,375276000,86565000,23432000,None,54398490,USD,None,-293000,-7013000,-6550000,None,-153000,None,244000,1775000,-3025000,4141000,244000,575000,0,-153000,0,443000,1397000,463000,443000,None,-3025000,4.81,5.69
14,2016-12-31,USD,15578000,9520000,2709000,12869000,3412000,1939000,2434000,0,3379000,0,7086000,63000,3349000,0,33000,None,None,None,0,0,0,1440000,263000,0,1939000,1939000,None,USD,82358000,2161000,None,2829000,33288000,49070000,2795000,25773000,769000,-228315000,2793000,2161000,47887000,26457000,30493000,None,None,None,3976000,30495000,None,46909000,0,1209000,0,0,4720000,0,0,769000,0,-228315000,-97770000,None,None,45726000,51863000,None,None,None,2795000,None,None,None,374386000,82358000,26457000,None,53643139,USD,None,3185000,-2136000,0,None,-15322000,-710000,-332000,1938000,-2207000,15251000,None,2303000,0,0,0,-711000,4969000,2136000,None,None,None,4.94,4.81
15,2016-09-30,USD,15308000,10103000,2652000,12656000,2627000,1769000,2619000,0,2627000,0,7484000,74000,2553000,0,0,None,None,None,0,0,0,858000,-100000,0,1769000,1769000,None,USD,81812000,2161000,None,2451000,34951000,46861000,2953000,27347000,768000,-230253000,2953000,2161000,49214000,24772000,31998000,None,None,None,4220000,28378000,None,44700000,0,1155000,0,0,4651000,0,0,768000,0,-230253000,-97742000,None,None,47053000,53434000,None,None,None,2953000,None,None,None,374088000,81812000,24772000,None,53605902,USD,None,2131000,-534000,0,None,-1104000,None,424000,1770000,4044000,5682000,424000,562000,0,-1104000,0,0,1165000,534000,-370000,None,4044000,4.1,4.94
16,2016-06-30,USD,14930000,11349000,2635000,12295000,996000,559000,2321000,0,996000,0,9028000,50000,946000,0,0,None,None,None,0,0,0,437000,-9000,0,559000,559000,None,USD,78595000,2161000,None,2875000,32851000,45744000,2862000,24617000,768000,-232023000,2862000,2161000,49928000,20728000,29989000,None,None,None,4279000,24388000,None,43583000,0,785000,0,0,5372000,0,0,768000,0,-232023000,-96533000,None,None,47767000,54207000,None,None,None,2862000,None,None,None,373532000,78595000,20728000,None,53533760,USD,None,1337000,-1055000,0,None,-8807000,None,-361000,559000,-6361000,3501000,-361000,564000,0,-8807000,0,0,1047000,1055000,355000,None,-6361000,3.75,4.1
17,2016-03-31,USD,14328000,9323000,2537000,11791000,2527000,1570000,2179000,0,2527000,0,7144000,59000,2468000,0,0,None,None,None,0,0,0,957000,59000,0,1570000,1570000,None,USD,84751000,2161000,None,2514000,31480000,53271000,2714000,24214000,768000,-232582000,2714000,2161000,50254000,27089000,28766000,None,None,None,3754000,30743000,None,51110000,0,1140000,0,0,4552000,0,0,768000,0,-232582000,-87726000,None,None,48093000,54008000,None,None,None,2714000,None,None,None,372811000,84751000,27089000,None,55723598,USD,None,1004000,-183000,0,None,-5433000,None,394000,1570000,-1575000,4041000,394000,534000,0,-5433000,0,0,1181000,183000,-642000,None,-1575000,3.93,3.75
18,2015-12-31,USD,14327000,10580000,2522000,11805000,1307000,798000,2074000,0,1307000,0,8506000,82000,1225000,0,-33000,None,None,None,0,0,0,509000,134000,0,798000,798000,None,USD,87286000,2161000,None,2908000,30514000,56772000,2265000,23182000,767000,-234152000,2261000,2161000,51073000,28664000,28249000,None,None,None,4143000,32070000,None,54611000,0,498000,0,0,5067000,0,0,767000,0,-234152000,-82243000,None,None,48912000,55216000,None,None,None,2265000,None,None,None,372400000,87286000,28664000,None,56546879,USD,None,221000,-204000,0,None,1346000,-710000,1124000,798000,4606000,3464000,-410000,534000,0,1346000,0,954000,1576000,3698000,745000,None,4606000,5.08,3.93
19,2015-09-30,USD,14011000,8464000,2429000,11582000,3228000,1927000,2044000,0,3228000,0,6420000,110000,3118000,0,0,None,None,None,0,0,0,1301000,81000,0,1927000,1927000,None,USD,83868000,2161000,None,2498000,30242000,53626000,2432000,24413000,755000,-234950000,2432000,2161000,50336000,24058000,27810000,None,None,None,4422000,29110000,None,51465000,0,2554000,0,0,3397000,0,0,755000,0,-234950000,-79243000,None,None,48175000,54758000,None,None,None,2432000,None,None,None,367064000,83868000,24058000,None,55860833,USD,None,2761000,-347000,0,None,-10157000,None,None,1927000,-3916000,6588000,-137000,567000,0,-10157000,0,209000,1454000,347000,16000,None,-3916000,4.21,5.08
