,fiscalDateEnding,reportedCurrency_x,totalRevenue,totalOperatingExpense,costOfRevenue,grossProfit,ebit,netIncome_x,researchAndDevelopment,effectOfAccountingCharges,incomeBeforeTax,minorityInterest,sellingGeneralAdministrative,otherNonOperatingIncome,operatingIncome,otherOperatingExpense,interestExpense,taxProvision,interestIncome,netInterestIncome,extraordinaryItems,nonRecurring,otherItems,incomeTaxExpense,totalOtherIncomeExpense,discontinuedOperations,netIncomeFromContinuingOperations,netIncomeApplicableToCommonShares,preferredStockAndOtherAdjustments,reportedCurrency_y,totalAssets,intangibleAssets,earningAssets,otherCurrentAssets,totalLiabilities,totalShareholderEquity,deferredLongTermLiabilities,otherCurrentLiabilities,commonStock,retainedEarnings,otherLiabilities,goodwill,otherAssets,cash,totalCurrentLiabilities,shortTermDebt,currentLongTermDebt,otherShareholderEquity,propertyPlantEquipment,totalCurrentAssets,longTermInvestments,netTangibleAssets,shortTermInvestments,netReceivables,longTermDebt,inventory,accountsPayable,totalPermanentEquity,additionalPaidInCapital,commonStockTotalEquity,preferredStockTotalEquity,retainedEarningsTotalEquity,treasuryStock,accumulatedAmortization,otherNonCurrrentAssets,deferredLongTermAssetCharges,totalNonCurrentAssets,capitalLeaseObligations,totalLongTermDebt,otherNonCurrentLiabilities,totalNonCurrentLiabilities,negativeGoodwill,warrants,preferredStockRedeemable,capitalSurplus,liabilitiesAndShareholderEquity,cashAndShortTermInvestments,accumulatedDepreciation,commonStockSharesOutstanding,reportedCurrency,investments,changeInLiabilities,cashflowFromInvestment,otherCashflowFromInvestment,netBorrowings,cashflowFromFinancing,otherCashflowFromFinancing,changeInOperatingActivities,netIncome_y,changeInCash,operatingCashflow,otherOperatingCashflow,depreciation,dividendPayout,stockSaleAndPurchase,changeInInventory,changeInAccountReceivables,changeInNetIncome,capitalExpenditures,changeInReceivables,changeInExchangeRate,changeInCashAndCashEquivalents,clossingVal,nextClossingVal
0,2020-06-30,USD,0,7698000,None,None,-7705000,-7895000,4932000,None,-7895000,None,2766000,-7000,-7698000,None,190000,0,5000,-185000,None,None,None,None,-12000,None,-7895000,-7895000,None,USD,47712000,None,None,699000,29248000,18464000,None,10498000,6000,-315405000,8000,None,458000,10547000,16546000,725000,3810000,None,30712000,11246000,None,18464000,None,None,6509000,None,11508000,None,None,6000,None,-315405000,None,None,5754000,None,36466000,6525000,None,6517000,6517000,None,None,None,333863000,47712000,10547000,None,57245251,USD,-3323000,-688000,-3323000,None,1235000,3312000,None,-248000,-7895000,-8010000,-7999000,-292000,515000,None,2077000,None,None,361000,3323000,None,None,-8010000,0.856,
1,2020-03-31,USD,0,-8596000,None,None,-8483000,-8689000,-5514000,None,-8689000,None,-3082000,113000,-8596000,None,206000,0,10000,-196000,None,None,None,None,103000,None,-8689000,-8689000,None,USD,55335000,None,None,623000,31365000,23970000,None,5849000,5000,-307510000,10000,None,458000,18557000,20608000,None,4665000,None,30164000,19180000,None,23970000,None,None,5129000,None,14759000,None,None,5000,None,-307510000,None,None,6036000,None,36200000,6802000,5139000,10757000,10757000,None,None,None,331475000,55335000,18557000,None,54361635,USD,-1384000,-259000,-1384000,None,-1102000,22069000,None,10000,-8689000,12241000,-8444000,-275000,415000,None,23171000,None,None,364000,1384000,None,None,12241000,0.562,0.856
2,2019-12-31,USD,0,65648000,5643000,-5643000,-8774000,-8940000,45127000,None,-8940000,None,20521000,-28000,-8746000,None,166000,0,4000,-162000,None,None,None,None,-32000,None,-8940000,-8940000,None,USD,37670000,None,None,497000,28278000,9392000,None,5712000,2000,-298821000,None,None,458000,6316000,16237000,4554000,4554000,None,24636000,6813000,None,9392000,0,None,6095000,None,10525000,None,None,2000,None,-298821000,None,None,6221000,None,30857000,7104000,6110000,12041000,12041000,None,None,None,308211000,37670000,6316000,None,23503214,USD,-821000,1786000,-821000,13924000,580000,8112000,None,-81000,-8940000,-176000,-7467000,-168000,970000,None,7532000,None,None,173000,821000,-1288000,None,-176000,1.52,0.562
3,2019-09-30,USD,0,-9557000,6486000,-6486000,-9582000,-9863000,-6486000,None,-9863000,None,-3071000,-25000,-9557000,None,281000,0,41000,-240000,None,None,None,None,-66000,None,-9863000,-9863000,None,USD,36668000,None,None,779000,26289000,10379000,None,5013000,2000,-289900000,20000,None,476000,6492000,14126000,3917000,3917000,None,22936000,7271000,None,10379000,0,None,5907000,None,9113000,None,None,2000,None,-289900000,None,None,6506000,None,29442000,7332000,5927000,12163000,12163000,None,None,None,300258000,36668000,6492000,None,18230803,USD,-1226000,451000,-1226000,13924000,1424000,2202000,None,-351000,-9863000,-7760000,-8736000,73000,377000,None,19250000,None,None,650000,4726000,None,None,-7760000,1.56,1.52
4,2019-06-30,USD,0,9407000,6640000,-6640000,-8925000,-9360000,6640000,None,-9360000,None,2767000,82000,-9407000,None,35000,0,82000,47000,None,None,None,None,47000,None,-9360000,-9360000,None,USD,45787000,None,None,105000,26780000,19007000,None,4173000,2000,-280018000,25000,None,472000,14252000,15295000,3147000,3147000,None,26584000,18731000,None,19007000,3488000,None,5091000,None,5985000,None,None,2000,None,-280018000,None,None,472000,None,27056000,7395000,5116000,25000,11485000,None,None,None,299023000,45787000,17740000,None,17000000,USD,-773000,-19000,-773000,10424000,1556000,20028000,None,-2593000,-9360000,8110000,-11145000,-503000,400000,None,18472000,None,None,427000,2197000,None,None,8110000,3.27,1.56
5,2019-03-31,USD,0,9487000,6616000,-6616000,-9025000,-9426000,6616000,None,-9426000,None,2871000,102000,-9487000,None,41000,0,39000,39000,None,None,None,None,22000,None,-9426000,-9426000,None,USD,35523000,None,None,163000,25872000,9651000,None,3436000,1000,-270658000,30000,None,476000,6142000,15160000,2451000,2451000,1000,23088000,11959000,None,9651000,4896000,None,4044000,None,3678000,None,None,1000,None,-270658000,None,None,476000,None,23564000,7623000,4074000,30000,10712000,None,None,None,280307000,35523000,11038000,None,12000000,USD,4984000,1637000,4984000,9000000,-513000,-513000,None,581000,-9426000,-2998000,-7469000,-206000,164000,None,None,None,None,362000,4016000,None,None,-2998000,4.77,3.27
6,2018-12-31,USD,0,-10253000,7270000,-7270000,-9740000,-10147000,-7270000,0,-10147000,0,-2472000,385000,-9740000,0,279000,None,None,None,0,-511000,0,0,-407000,0,-10147000,-10147000,None,USD,35780000,None,None,358000,17070000,18710000,1287000,582000,1000,-261232000,1287000,None,504000,9140000,11287000,2331000,None,-5000,11916000,23360000,None,18710000,13862000,None,4478000,None,8956000,None,None,1000,None,-261232000,None,None,504000,None,12420000,18000,18000,4478000,5783000,None,None,None,279946000,35780000,23002000,None,11973039,USD,3707000,-457000,2314000,15000,6536000,1616000,-351000,1661000,-10147000,-2822000,-6752000,589000,858000,None,45604000,None,None,784000,1408000,1621000,None,-2822000,2.12,4.77
7,2018-09-30,USD,0,-8252000,5899000,-5899000,-8243000,-8169000,-5899000,0,-8169000,0,-2353000,9000,-8252000,0,-74000,None,None,None,0,0,0,0,83000,0,-8169000,-8169000,None,USD,38855000,0,None,1069000,10355000,28500000,1428000,1336000,1000,-251085000,1428000,0,690000,11962000,5662000,1336000,1336000,None,7620000,30545000,None,28500000,17514000,None,3265000,0,4326000,0,0,1000,0,-251085000,0,None,690000,None,8310000,None,None,3265000,4693000,None,None,None,279584000,38855000,29476000,None,11973039,USD,4030000,-39000,2054000,100000,-3233000,1688000,4920000,671000,-8169000,-4235000,-7977000,-277000,-348000,0,1000,0,55000,857000,1976000,-1000,None,-4235000,4.09,2.12
8,2018-06-30,USD,0,-8805000,6533000,-6533000,-8803000,-8836000,-6533000,0,-8836000,0,-2272000,2000,-8805000,0,33000,None,None,None,0,0,0,0,-31000,0,-8836000,-8836000,None,USD,45226000,0,None,869000,9146000,36080000,918000,62000,1000,-242916000,918000,0,587000,16197000,8228000,3600000,3600000,None,6132000,38507000,None,36080000,21441000,None,0,0,4566000,0,0,1000,0,-242916000,0,None,587000,None,6719000,None,None,None,918000,None,None,None,278995000,45226000,37638000,None,11973039,USD,-21475000,-1150000,-23130000,100000,-1556000,44047000,-351000,79000,-8836000,12660000,-8257000,950000,192000,0,45603000,0,56000,531000,1655000,56000,None,12660000,4.08,4.09
9,2018-03-31,USD,0,-8066000,5806000,-5806000,-8065000,-8206000,-5806000,0,-8206000,0,-2260000,1000,-8066000,0,141000,None,None,None,0,0,0,0,-140000,0,-8206000,-8206000,None,USD,10372000,0,None,1970000,11391000,-1019000,716000,3094000,0,-234080000,716000,0,455000,3537000,10675000,5160000,5160000,None,4410000,5507000,None,-1019000,0,None,0,0,5515000,0,0,0,0,-234080000,0,None,455000,None,4865000,None,None,None,716000,None,None,None,233061000,10372000,3537000,None,1973039,USD,-21475000,1744000,-451000,200000,-1527000,-1527000,-351000,473000,-8206000,-8114000,-6136000,-362000,235000,0,0,0,0,453000,451000,None,None,-8114000,5.04,4.08
10,2017-12-31,USD,0,-7352000,20118000,-20118000,-7355000,-7489000,-5516000,0,-7489000,0,-1836000,-3000,-7352000,0,134000,None,None,None,0,0,0,0,-805000,0,-7489000,-7489000,None,USD,18000000,0,None,1742000,10952000,7048000,495000,2259000,4000,-225874000,495000,0,455000,11651000,10457000,6687000,6687000,None,4152000,13393000,None,7048000,0,None,0,0,3770000,0,0,0,0,-225874000,0,None,455000,None,4607000,None,None,None,495000,None,None,None,232922000,18000000,11651000,None,1973039,USD,6554000,522000,6019000,0,-1498000,-1496000,-351000,-1503000,-7489000,-1641000,-6164000,-258000,679000,0,2000,0,5000,377000,535000,5000,None,-1641000,0.52,5.04
11,2017-09-30,USD,0,-7719000,0,0,-7719000,-7873000,-5683000,0,-7873000,0,-2036000,None,-7719000,0,154000,None,None,None,0,0,0,0,0,0,-7873000,-7873000,None,USD,25879000,0,None,1335000,11646000,14233000,323000,2072000,4000,-218385000,323000,0,455000,13292000,9375000,6229000,6229000,None,4240000,21184000,None,14233000,6557000,None,1948000,0,3146000,0,0,4000,0,-218385000,0,None,455000,None,4695000,None,1948000,None,2271000,None,None,None,232614000,25879000,19849000,None,39233431,USD,511000,222000,427000,200000,-1464000,-1464000,None,187000,-7873000,-7867000,-6830000,-158000,637000,0,26623000,0,0,342000,84000,None,None,-7867000,0.823,0.52
12,2017-06-30,USD,0,-6551000,0,0,-6539000,-6746000,-4363000,0,-6746000,0,-2188000,12000,-6551000,0,207000,None,None,None,0,0,0,0,0,0,-6746000,-6746000,None,USD,34644000,0,None,1166000,12687000,21957000,127000,1718000,4000,-210512000,127000,0,455000,21159000,9044000,6118000,9634000,-2000,4798000,29391000,None,21957000,7066000,None,3516000,0,2926000,0,0,4000,0,-210512000,0,None,455000,None,5253000,None,3516000,None,3643000,None,None,None,232467000,34644000,28225000,None,39220097,USD,-7071000,-657000,-7597000,22000,-1436000,-1436000,None,-1596000,-6746000,-16182000,-7149000,-672000,681000,0,26623000,0,0,245000,548000,None,None,-16182000,1.41,0.823
13,2017-03-31,USD,0,-6748000,0,0,-6750000,-6997000,-4626000,0,-6997000,0,-2122000,-2000,-6748000,0,247000,None,None,None,0,0,0,0,0,0,-6997000,-6997000,None,USD,43182000,0,None,762000,14659000,28523000,52000,2545000,4000,-203766000,52000,0,175000,37341000,9558000,6106000,6106000,None,4904000,38103000,None,28523000,0,None,5049000,0,3452000,0,0,4000,0,-203766000,0,None,175000,None,5079000,None,5049000,None,5101000,None,None,None,232285000,43182000,37341000,None,39190619,USD,-7071000,-345000,-77000,0,-1410000,29391000,4041000,-489000,-6997000,22338000,-6976000,-495000,628000,0,26760000,0,0,233000,77000,None,None,22338000,1.9,1.41
14,2016-12-31,USD,0,7452000,20457000,-20457000,-7508000,-7749000,5413000,0,-7749000,0,2039000,-56000,-7452000,0,241000,None,None,None,0,0,0,0,-1199000,0,-7749000,-7749000,None,USD,20906000,0,None,273000,16421000,4485000,52000,2382000,2000,-196769000,445000,0,175000,15003000,9819000,5992000,5992000,None,5455000,15276000,None,4485000,0,None,6550000,0,3827000,0,0,2000,0,-196769000,0,None,175000,None,5630000,None,6550000,None,6602000,None,None,None,201252000,20906000,15003000,None,16815997,USD,21973000,-180000,4220000,-26251000,-1512000,-1513000,-351000,137000,-7749000,-4175000,-6882000,-21000,695000,0,-1000,0,101000,272000,38000,73000,None,-4175000,0.78,1.9
15,2016-09-30,USD,0,7134000,0,0,-7134000,-7448000,5124000,0,-7448000,0,2010000,None,-7134000,0,314000,None,None,None,0,0,0,0,0,0,-7448000,-7448000,None,USD,30027000,0,None,412000,18019000,12008000,51000,2250000,2000,-188974000,51000,0,423000,19178000,9873000,5931000,None,-1000,6107000,23497000,None,12008000,3878000,29000,8095000,0,3942000,0,0,2000,0,-188974000,0,None,423000,None,6530000,None,8095000,None,8146000,None,None,None,200981000,30027000,23056000,None,16816000,USD,None,1272000,8917000,8935000,-1364000,5278000,None,None,-7448000,9121000,-5074000,194000,677000,0,6642000,0,72000,231000,18000,None,None,9121000,0.7899,0.78
16,2016-06-30,USD,0,6249000,0,0,-6199000,-6520000,4298000,0,-6520000,0,1951000,50000,-6249000,0,321000,None,None,None,0,0,0,0,0,0,-6520000,-6520000,None,USD,30660000,0,None,581000,18078000,12582000,51000,1784000,1000,-181526000,51000,0,419000,10057000,8918000,6247000,None,-2000,6710000,23531000,None,12582000,12839000,54000,9109000,0,2671000,0,0,1000,0,-181526000,0,None,419000,None,7129000,None,9109000,None,9160000,None,None,None,194109000,30660000,22896000,None,12016000,USD,None,-771000,8881000,17444000,None,5000,None,None,-6520000,3496000,-5390000,922000,704000,0,5000,0,47000,303000,103000,None,None,3496000,1.27,0.7899
17,2016-03-31,USD,0,7798000,0,0,-7799000,-8115000,5622000,0,-8115000,0,2176000,-1000,-7798000,0,316000,None,None,None,0,0,0,0,0,0,-8115000,-8115000,None,USD,37547000,0,None,1456000,18807000,18740000,50000,2039000,1000,-175006000,50000,0,408000,6561000,8235000,4793000,None,-7000,7242000,29897000,None,18740000,21807000,73000,10522000,0,3442000,0,0,1000,0,-175006000,0,None,408000,None,7650000,None,10522000,None,10572000,None,None,None,193752000,37547000,28368000,None,11968000,USD,8460000,-77000,8254000,-2000,None,1000,None,None,-8115000,-85000,-8340000,-1219000,726000,0,1000,0,28000,317000,204000,28000,None,-85000,2.3,1.27
18,2015-12-31,USD,313000,7183000,6566000,-20053000,-7094000,-7646000,5665000,0,-7646000,0,1518000,89000,-7183000,0,552000,None,None,None,0,0,0,0,-2059000,0,-7646000,-7646000,None,USD,45337000,0,None,237000,18835000,26502000,45000,2311000,1000,-166891000,259000,0,406000,6646000,6880000,3360000,3360000,-46000,7660000,37271000,None,26502000,30287000,101000,11910000,0,3520000,0,0,1000,0,-166891000,0,None,406000,None,8066000,None,11910000,None,11955000,None,None,None,193438000,45337000,36933000,None,11967000,USD,8640000,1011000,8396000,-3000,240000,60533000,-1359000,-285000,-7646000,1771000,-6625000,-1181000,746000,0,0,0,10000,435000,241000,41000,None,1771000,2.28,2.3
19,2015-09-30,USD,95000,8346000,7779000,0,-8305000,-8619000,6627000,0,-8619000,0,1719000,41000,-8346000,0,314000,None,None,None,0,0,0,0,0,0,-8619000,-8619000,None,USD,53023000,0,None,459000,19128000,33895000,40000,1830000,1000,-159245000,40000,0,5471000,4875000,5824000,1958000,None,-15000,8036000,39516000,4923000,33895000,34098000,84000,13264000,0,3866000,0,0,1000,0,-159245000,0,None,548000,None,13507000,None,13264000,None,13304000,None,None,None,193154000,53023000,38973000,None,11967000,USD,3501000,634000,3380000,-25000,None,-4000,None,None,-8619000,-3185000,-6561000,478000,775000,0,-4000,0,27000,171000,96000,None,None,-3185000,3.96,2.28
