,fiscalDateEnding,reportedCurrency_x,totalRevenue,totalOperatingExpense,costOfRevenue,grossProfit,ebit,netIncome_x,researchAndDevelopment,effectOfAccountingCharges,incomeBeforeTax,minorityInterest,sellingGeneralAdministrative,otherNonOperatingIncome,operatingIncome,otherOperatingExpense,interestExpense,taxProvision,interestIncome,netInterestIncome,extraordinaryItems,nonRecurring,otherItems,incomeTaxExpense,totalOtherIncomeExpense,discontinuedOperations,netIncomeFromContinuingOperations,netIncomeApplicableToCommonShares,preferredStockAndOtherAdjustments,reportedCurrency_y,totalAssets,intangibleAssets,earningAssets,otherCurrentAssets,totalLiabilities,totalShareholderEquity,deferredLongTermLiabilities,otherCurrentLiabilities,commonStock,retainedEarnings,otherLiabilities,goodwill,otherAssets,cash,totalCurrentLiabilities,shortTermDebt,currentLongTermDebt,otherShareholderEquity,propertyPlantEquipment,totalCurrentAssets,longTermInvestments,netTangibleAssets,shortTermInvestments,netReceivables,longTermDebt,inventory,accountsPayable,totalPermanentEquity,additionalPaidInCapital,commonStockTotalEquity,preferredStockTotalEquity,retainedEarningsTotalEquity,treasuryStock,accumulatedAmortization,otherNonCurrrentAssets,deferredLongTermAssetCharges,totalNonCurrentAssets,capitalLeaseObligations,totalLongTermDebt,otherNonCurrentLiabilities,totalNonCurrentLiabilities,negativeGoodwill,warrants,preferredStockRedeemable,capitalSurplus,liabilitiesAndShareholderEquity,cashAndShortTermInvestments,accumulatedDepreciation,commonStockSharesOutstanding,reportedCurrency,investments,changeInLiabilities,cashflowFromInvestment,otherCashflowFromInvestment,netBorrowings,cashflowFromFinancing,otherCashflowFromFinancing,changeInOperatingActivities,netIncome_y,changeInCash,operatingCashflow,otherOperatingCashflow,depreciation,dividendPayout,stockSaleAndPurchase,changeInInventory,changeInAccountReceivables,changeInNetIncome,capitalExpenditures,changeInReceivables,changeInExchangeRate,changeInCashAndCashEquivalents,clossingVal,nextClossingVal
0,2020-06-30,USD,103940000,53781000,44874000,59066000,5446000,5147000,None,None,5446000,None,53298000,161000,5285000,None,None,299000,None,None,None,483000,None,299000,-322000,None,5147000,5147000,None,USD,264120000,41887000,None,20063000,152115000,112005000,1355000,88936000,666000,382438000,1858000,24578000,3646000,100977000,120623000,None,None,None,32449000,164528000,None,70118000,1251000,42237000,2763000,None,63179000,None,None,666000,None,382438000,-447259000,None,25256000,None,99592000,7576000,None,28729000,31492000,None,None,None,176160000,264120000,102228000,None,32139000,USD,1170000,-7936000,762000,-51000,1533000,1359000,-180000,3746000,5147000,15043000,12922000,7763000,2905000,None,6000,None,1409000,3634000,357000,1409000,None,15043000,3.06,
1,2020-03-31,USD,97872000,61986000,46381000,51491000,-10757000,2020000,None,None,-10757000,None,59223000,-262000,-10495000,None,None,-12777000,None,None,None,2763000,None,-12777000,-3025000,None,2020000,2020000,None,USD,261868000,43179000,None,28472000,156883000,104985000,1507000,87719000,663000,377291000,6331000,24578000,3996000,85934000,125362000,None,None,None,33313000,163328000,None,61806000,2212000,46710000,None,None,69164000,None,None,663000,None,377291000,-469315000,None,22048000,None,98540000,6276000,None,31521000,31521000,None,None,None,196346000,261868000,88146000,None,30665000,USD,-36000,-3361000,-1344000,-95000,1149000,947000,-202000,-12006000,2020000,-6603000,-6206000,-657000,2978000,None,None,None,-15007000,7821000,1213000,-15007000,None,-6603000,1.65,3.06
2,2019-12-31,USD,96285000,66211000,51298000,44987000,-21249000,-23015000,None,None,-21249000,None,52636000,-25000,-21224000,None,None,1766000,None,None,None,13575000,None,1766000,-13600000,None,-23015000,-23015000,None,USD,250138000,44419000,None,20524000,151200000,98938000,1606000,55284000,660000,375180000,5347000,24578000,3902000,92537000,123444000,None,None,None,34294000,150514000,None,54519000,2502000,34951000,None,None,68160000,None,None,660000,None,375180000,-469315000,None,20911000,None,99624000,7875000,None,27756000,27756000,None,None,None,192413000,250138000,95039000,None,30327000,USD,-24000,2380000,-4596000,-499000,1149000,87000,-9000,-1810000,-23015000,-12352000,-7843000,4373000,3058000,None,96000,None,-5020000,10381000,4073000,-5020000,None,-12352000,2.06,1.65
3,2019-09-30,USD,104251000,60694000,51406000,52845000,-7705000,-7558000,None,None,-7705000,None,58227000,144000,-7849000,None,None,-147000,None,None,None,2467000,None,-147000,-2323000,None,-7558000,-7558000,None,USD,271109000,45932000,None,24705000,152853000,118256000,1522000,78343000,659000,398195000,6167000,25035000,4147000,104889000,122804000,None,None,None,32995000,167654000,None,72324000,2385000,35675000,None,None,74510000,None,None,659000,None,398195000,-469315000,None,24528000,None,103455000,9803000,None,30049000,30049000,None,None,None,188717000,271109000,107274000,None,30268000,USD,-28000,-8548000,-9378000,-161000,1149000,-4000,-4000,-4755000,-7558000,-25507000,-16125000,-4444000,2973000,None,0,None,-4938000,6390000,9189000,-4938000,None,-25507000,1.97,2.06
4,2019-06-30,USD,107495000,72736000,55088000,52407000,-20032000,-17597000,None,None,-20032000,None,67342000,297000,-20329000,None,None,-2435000,None,None,None,5394000,None,-2435000,-5097000,None,-17597000,-17597000,None,USD,297144000,47199000,None,25754000,174754000,122390000,1558000,84312000,659000,405753000,6556000,25126000,10262000,124666000,143270000,None,None,None,28496000,186484000,None,75191000,2344000,33720000,None,None,90442000,None,None,659000,None,405753000,-469315000,None,34965000,None,110660000,14035000,None,31484000,31484000,None,None,None,185293000,297144000,127010000,None,30260000,USD,-52000,-93000,-30740000,-19416000,1149000,45000,-51000,-7254000,-17597000,-36387000,-5692000,1270000,2700000,None,96000,None,83000,7945000,11272000,83000,None,-36387000,3.58,1.97
5,2019-03-31,USD,109764000,65021000,51938000,57826000,-6596000,-6642000,None,None,-6596000,None,64992000,599000,-7195000,None,None,46000,None,None,None,29000,None,46000,570000,None,-6642000,-6642000,None,USD,275175000,12050000,None,19796000,153192000,121983000,1656000,65785000,656000,423350000,3509000,2072000,7968000,161089000,139841000,17314000,17314000,None,18778000,215190000,None,109933000,2236000,32069000,9842000,None,87407000,None,None,656000,None,423350000,-508188000,None,29157000,None,59985000,17314000,None,13351000,13351000,None,None,None,206165000,275175000,163325000,None,27458000,USD,-22000,4549000,-6680000,-163000,None,-695000,-755000,-8932000,-6642000,-23801000,-16426000,-12481000,1498000,None,60000,None,-8662000,5312000,6495000,-8662000,None,-23801000,6.11,3.58
6,2018-12-31,USD,91662000,56731000,51743000,39919000,-16664000,-16553000,None,None,-16664000,None,52732000,148000,-16812000,None,None,None,None,None,None,3999000,None,-111000,-3851000,None,-16553000,-16553000,None,USD,269492000,12441000,None,18255000,141878000,127614000,1738000,63834000,653000,429992000,6618000,2072000,9665000,184926000,126626000,None,None,None,16860000,232264000,None,115173000,2068000,27015000,None,None,62792000,None,None,653000,None,429992000,-508188000,None,7927000,None,37228000,8634000,8634000,6618000,15252000,None,None,None,205157000,269492000,186994000,None,27168000,USD,-17000,-5888000,-1075000,-173000,None,47000,-65000,1089000,-13415000,2049000,3077000,15055000,1586000,None,136000,None,-1589000,7328000,885000,-1589000,None,2049000,7.01,6.11
7,2018-09-30,USD,112846000,56858000,55109000,57737000,1246000,1661000,None,None,1246000,None,55633000,367000,879000,None,None,None,None,None,None,1225000,None,-415000,-858000,None,1661000,1661000,None,USD,271162000,13332000,None,20427000,131377000,139785000,1827000,63189000,653000,443407000,8533000,None,10515000,182877000,116768000,None,None,None,14715000,234427000,None,126453000,2203000,28920000,None,None,68188000,None,None,653000,None,443407000,-508188000,None,8688000,None,36735000,None,None,None,None,None,None,None,203913000,271162000,185080000,None,27136000,USD,-17000,3493000,-652000,-230000,None,-773000,-1228000,-859000,-1477000,-2876000,-1451000,-10631000,1667000,None,455000,None,-4042000,9539000,405000,-4042000,None,-2876000,10.16,7.01
8,2018-06-30,USD,120834000,55294000,53986000,66848000,11836000,17231000,None,None,11836000,None,52424000,282000,11554000,None,None,None,None,None,None,2870000,None,-5395000,-2588000,None,17231000,17231000,None,USD,275338000,13723000,None,20484000,131257000,144081000,1909000,64729000,651000,448195000,10749000,None,6284000,191411000,120508000,None,None,None,9141000,248099000,None,130358000,2147000,34057000,None,None,66528000,None,None,651000,None,448195000,-508188000,None,4375000,None,27239000,None,None,None,None,None,None,None,203423000,275338000,193558000,None,26988000,USD,-15000,-17250000,-702000,-205000,None,-2374000,-48000,-6708000,17231000,2776000,5852000,1349000,1774000,None,-2326000,None,-5527000,8275000,482000,-5527000,None,2776000,6.53,10.16
9,2018-03-31,USD,118031000,60783000,56862000,61169000,636000,2297000,None,None,636000,None,60942000,250000,386000,None,None,None,None,None,None,-159000,None,-1661000,None,None,2297000,2297000,None,USD,274747000,14170000,None,21394000,146683000,128064000,None,67728000,651000,430964000,None,None,None,188635000,127880000,None,None,None,10019000,245744000,None,113894000,2121000,33594000,None,None,78955000,None,None,651000,None,430964000,-505764000,None,4814000,None,29003000,None,None,None,None,None,None,None,202213000,274747000,190756000,None,27344000,USD,-43000,-11872000,-1117000,-265000,None,-705000,-705000,None,2297000,-16891000,-15069000,1292000,1759000,None,None,None,None,7304000,809000,-15849000,None,-16891000,6.74,6.53
10,2017-12-31,USD,104959000,56141000,55305000,49654000,-6141000,-5685000,None,None,-6141000,None,53618000,346000,-6487000,None,None,None,None,None,None,2523000,None,-456000,None,None,-5685000,-5685000,None,USD,287539000,14593000,None,22388000,159081000,128458000,None,68207000,649000,431818000,None,None,None,205526000,139372000,None,None,None,10434000,257056000,None,113865000,2065000,27077000,None,None,71165000,None,None,649000,None,431818000,-505764000,None,5456000,None,30483000,None,None,19709000,19709000,None,None,None,201755000,287539000,207591000,None,27000,USD,24982000,6737000,24356000,-115000,None,-16596000,-98000,None,-5685000,20429000,12669000,1459000,2042000,None,-16498000,None,None,8601000,511000,-485000,None,20429000,8.3,6.74
11,2017-09-30,USD,119367000,63114000,57756000,61611000,-1122000,39000,None,None,-1122000,None,55110000,381000,-1503000,None,None,None,None,None,None,8004000,None,-1161000,None,None,39000,39000,None,USD,302253000,15237000,None,24548000,152312000,149941000,None,69840000,648000,437503000,None,None,None,185097000,131555000,None,None,None,10894000,270913000,None,134704000,26965000,34303000,None,None,82472000,None,None,648000,None,437503000,-489069000,None,5209000,None,31340000,None,None,None,None,None,None,None,200859000,302253000,212062000,None,29165000,USD,-22000,-8569000,-822000,-220000,None,-70000,-109000,None,39000,-6119000,-5227000,-4085000,2124000,None,39000,None,None,14292000,580000,-9028000,None,-6119000,9.6,8.3
12,2017-06-30,USD,124581000,57253000,61148000,63433000,6521000,6314000,None,None,6521000,None,57253000,341000,6180000,None,None,None,None,None,None,None,None,207000,None,None,6314000,6314000,None,USD,303936000,15810000,None,23894000,155047000,148889000,None,75592000,647000,437464000,None,None,None,191216000,131305000,None,None,None,11621000,274727000,None,133079000,26876000,32741000,None,None,79455000,None,None,647000,None,437464000,-489069000,None,1778000,None,29209000,None,None,None,None,None,None,None,199847000,303936000,218092000,None,29088000,USD,4976000,-10591000,3869000,-104000,None,2430000,-172000,None,6314000,6301000,2000,-343000,2309000,None,2602000,None,None,9809000,1003000,-7496000,None,6301000,14.76,9.6
13,2017-03-31,USD,129490000,56789000,63039000,66451000,10105000,9869000,None,None,10105000,None,56789000,443000,9662000,None,None,None,None,None,None,None,None,236000,None,None,9869000,9869000,None,USD,305070000,16593000,None,23386000,165776000,139294000,None,85165000,644000,431150000,None,None,None,184915000,138998000,None,None,None,12206000,273029000,None,122701000,31803000,32925000,None,None,80611000,None,None,644000,None,431150000,-489069000,None,1942000,1300000,32041000,None,None,None,None,None,None,None,196569000,305070000,216718000,None,28766000,USD,17688000,-17117000,16281000,-114000,None,-152182000,-1481000,None,9869000,-147420000,-11519000,183000,2408000,None,-150701000,None,None,8900000,1293000,-15762000,None,-147420000,10.67,14.76
14,2016-12-31,USD,119535000,74222000,63769000,55766000,-18042000,-13789000,None,None,-18042000,None,57542000,414000,-18456000,None,None,None,None,None,None,16680000,None,-4253000,None,None,-13789000,-13789000,None,USD,463376000,17419000,None,23467000,182670000,280706000,None,74666000,641000,421281000,None,None,None,332335000,152532000,None,None,-1000,12218000,431693000,None,263287000,49434000,26457000,None,None,77866000,None,None,641000,None,421281000,-337069000,None,2046000,None,31683000,None,None,30138000,30138000,None,None,None,195854000,463376000,381769000,None,46478000,USD,23019000,-3155000,28079000,5423000,None,1268000,-55000,None,-13789000,49296000,19949000,20170000,3044000,None,1323000,None,None,18540000,363000,-4861000,None,49296000,10.13,10.67
15,2016-09-30,USD,136583000,81311000,64095000,72488000,-8266000,-9477000,None,None,-8266000,None,64194000,557000,-8823000,None,None,None,None,None,None,17117000,None,1211000,None,None,-9477000,-9477000,None,USD,464193000,18301000,None,39181000,172554000,291639000,None,89794000,639000,435070000,None,None,None,284577000,144881000,None,None,49000,16021000,382174000,44984000,273338000,27802000,30614000,None,None,82760000,None,None,639000,None,435070000,-337069000,None,2713000,None,82019000,None,None,None,None,None,None,None,192950000,464193000,312379000,None,46326000,USD,7579000,-14016000,1199000,-5762000,None,-33000,-37000,None,-9477000,-7012000,-8178000,3982000,3187000,None,4000,None,None,16256000,618000,-8110000,None,-7012000,6.87,10.13
16,2016-06-30,USD,137970000,68165000,66448000,71522000,4009000,3338000,None,None,4009000,None,64181000,652000,3357000,None,None,None,None,None,None,3984000,None,671000,None,None,3338000,3338000,None,USD,486343000,19246000,None,41433000,186571000,299772000,None,97127000,639000,444547000,None,None,None,286989000,155859000,None,None,95000,17429000,394503000,51589000,280526000,35329000,30752000,None,None,89444000,None,None,639000,None,444547000,-337069000,None,3576000,None,91840000,None,None,None,None,None,None,None,191560000,486343000,322318000,None,46311000,USD,7054000,230000,6189000,-212000,None,-425000,-537000,None,3338000,22246000,16482000,1770000,3241000,None,112000,None,None,9533000,653000,-1630000,None,22246000,7.24,6.87
17,2016-03-31,USD,133002000,79715000,69586000,63416000,-15616000,-10112000,None,None,-15616000,None,65132000,683000,-16299000,None,None,None,None,None,None,14583000,None,-5504000,None,None,-10112000,-10112000,None,USD,480877000,20210000,None,42027000,186005000,294872000,None,100221000,638000,441209000,None,None,None,264559000,153189000,None,None,66000,19568000,378734000,57203000,274662000,37243000,34905000,None,None,85784000,None,None,638000,None,441209000,-337069000,None,5162000,None,102143000,None,None,None,None,None,None,None,190028000,480877000,301802000,None,46261000,USD,-20156000,-1245000,-20726000,-279000,None,-1129000,-1267000,None,-10112000,-39025000,-17170000,-1881000,3678000,None,138000,None,None,11703000,291000,-19313000,None,-39025000,10.08,7.24
18,2015-12-31,USD,131392000,71656000,65840000,65552000,-5497000,-6687000,None,None,-5497000,None,62622000,607000,-6104000,None,None,None,None,None,None,9034000,None,1190000,None,None,-6687000,-6687000,None,USD,506766000,21265000,None,52192000,203116000,303650000,None,88756000,634000,451321000,None,None,None,306830000,167952000,None,None,-99000,21742000,403275000,55164000,282385000,19387000,24866000,None,None,79196000,None,None,634000,None,451321000,-337069000,None,5320000,None,103491000,None,None,35164000,35164000,None,None,None,188863000,506766000,326217000,None,45850000,USD,25964000,-862000,25123000,-688000,4141000,4275000,-15000,None,-6687000,39472000,10074000,-22053000,4286000,None,149000,None,None,33913000,153000,1449000,None,39472000,7.61,10.08
